2854 4864
190 260 255 326 184
573 253 622 308 DE
642 253 796 309 NATURA
814 253 980 310 DEORUM.

189 419 337 506 proiecto
360 423 411 484 est
434 441 494 484 nec
517 417 574 483 alii
598 418 750 503 cuiquam
773 440 793 482 a
815 417 865 482 dis
888 417 1129 483 immortalibus
1154 416 1241 484 data.
1279 415 1367 493 Quae

191 508 220 574 si
249 507 379 595 singula
401 531 459 574 vos
488 505 575 572 forte
597 529 665 572 non
688 511 834 592 movent,
862 507 1014 572 universa
1036 511 1124 572 certe
1147 510 1259 572 tamen
1280 507 1369 571 inter

193 619 227 662 se
251 619 374 663 conexa
396 601 495 682 atquo
519 595 694 661 coniuncta
717 617 847 660 movere
870 595 1041 660 debebant.

132 699 183 750 164
282 685 353 751 Nec
384 708 461 751 vero
493 685 645 750 universo
677 685 790 770 generi
821 684 992 749 hominum
1025 685 1145 769 solum,
1182 684 1239 750 sed
1270 684 1370 748 etiam

192 775 332 861 singulis
362 797 382 839 a
409 774 458 839 dis
481 773 722 839 immortalibus
747 773 873 838 consuli
897 777 930 838 et
952 773 1115 858 provideri
1139 774 1231 838 solet.
1277 772 1399 838 Licets

193 864 281 928 enim
305 862 497 928 contrahere
520 862 768 928 universitatem
792 862 920 948 generis
943 862 1080 926 humani
1102 884 1239 947 eamque
1258 863 1372 948 grada-

131 957 174 1022 66
193 952 255 1017 tim
287 952 328 1016 ad
358 951 543 1037 pauciores,
575 956 742 1036 postremo
775 951 931 1016 deducere
959 951 1000 1016 ad
1029 951 1187 1038 singulos.
1232 950 1322 1015 Nam
1345 951 1373 1015 si

193 1041 345 1106 omnibus
376 1040 578 1125 hominibus,
610 1040 667 1126 qui
697 1040 817 1126 ubique
848 1043 925 1106 sunt
955 1062 1158 1125 quacumque
1187 1039 1222 1104 in
1253 1062 1313 1104 ora
1335 1062 1372 1104 ac

193 1133 287 1215 parte
315 1134 477 1196 terrarum
501 1130 542 1194 ah
564 1129 699 1194 huiusce
723 1132 843 1213 terrae,
873 1151 971 1214 quam
993 1151 1053 1193 nos
1077 1129 1266 1214 incolimus,
1296 1151 1371 1194 oon·

193 1218 376 1284 tinuatione
400 1219 607 1303 distantium,
630 1218 707 1282 deos
731 1218 899 1283 consulere
924 1240 1091 1283 censemus
1111 1217 1153 1282 ob
1172 1240 1227 1283 eas
1247 1240 1371 1303 causas,
1389 1241 1409 1280 a

195 1330 275 1393 quas
299 1312 375 1374 ante
398 1307 552 1393 diximus,
580 1305 632 1372 his
657 1329 785 1392 quoquc
808 1306 995 1371 hominibus
1020 1307 1207 1391 consulunt,
1231 1306 1290 1392 qui
1313 1305 1371 1371 has

134 1397 366 1463 1osnobiscum
388 1402 493 1462 terras
517 1397 558 1462 ab
583 1396 708 1461 oriente
731 1396 772 1460 ad
795 1395 996 1461 occidentem
1020 1396 1140 1460 colunt.
1179 1393 1238 1460 Sin
1261 1400 1373 1460 autem

194 1486 243 1550 hals
270 1485 458 1570 consulunt,
485 1485 543 1570 qui
569 1485 664 1570 quasi
686 1506 840 1571 magnam
863 1485 1025 1570 quandam
1048 1484 1190 1549 insulam
1212 1485 1371 1566 incolunt,

195 1595 293 1659 quam
321 1595 381 1638 nos
410 1573 522 1638 orbem
549 1577 656 1638 terrae
678 1595 846 1659 vocamus,
878 1573 978 1638 etiam
1000 1573 1066 1638 illis
1091 1573 1283 1658 consulunt,
1318 1574 1373 1659 qui

194 1666 305 1748 partes
329 1662 398 1727 eius
420 1662 546 1727 insulae
568 1665 695 1747 tenent,
723 1663 903 1748 Europam,
926 1662 1055 1747 Asiam,
1078 1661 1235 1728 Africam.
1281 1662 1372 1748 Ergo
1390 1684 1410 1724 1⁵

196 1754 230 1815 et
266 1773 377 1816 earum
412 1755 522 1835 partes
560 1750 715 1837 diligrmt,
751 1755 789 1816 ut
824 1750 977 1836 Romam,
1008 1750 1171 1836 Athenas,
1209 1749 1372 1835 Spartam,

195 1839 363 1925 Rhodum,
395 1844 428 1904 et
461 1862 572 1906 earum
599 1840 730 1905 urbium
758 1840 936 1924 separatim
964 1841 1005 1905 ab
1033 1839 1194 1905 universis
1222 1840 1371 1926 singulos

196 1928 351 2016 diligunt,
383 1932 420 1994 ut
447 1928 567 2013 Pyrrhi
597 1929 683 1994 bello
712 1927 860 2014 Curium,
890 1927 1091 2014 Fabricium,
1121 1926 1371 2013 Oonmoanium,
1416 1975 1417 1978 ,

195 2018 302 2102 primo
324 2017 448 2083 Punico
473 2015 672 2102 Calatinum,
699 2017 879 2102 Duellium,
907 2017 1090 2102 Metellum,
1117 2016 1304 2102 Lutatium,
1328 2040 1373 2081 se
1416 2035 1417 2070 ³

197 2106 301 2172 cundo
334 2106 527 2192 Maximum,
558 2106 762 2192 Marcellum,
791 2105 998 2192 Africanum,
1029 2111 1105 2191 post
1131 2105 1193 2171 hos
1223 2105 1372 2194 Paulum,
1389 2129 1410 2168 ro

197 2193 392 2281 Gracchum,
416 2193 587 2281 Catonem,
610 2200 781 2280 patrumve
804 2195 962 2262 memoria
986 2193 1186 2280 Scipionem,
1209 2195 1372 2280 Laelium;

196 2284 382 2369 multosque
409 2288 578 2369 praeterea
609 2289 642 2349 et
664 2289 778 2350 nostra
801 2285 916 2350 civitas
941 2289 974 2349 ct
998 2283 1135 2349 Graecia
1157 2284 1236 2348 tulit
1260 2285 1371 2370 singu-
1416 2335 1417 2391 ,

197 2373 281 2438 lares
313 2373 414 2458 viros,
447 2395 586 2459 quorum
615 2373 778 2438 neminem
808 2373 873 2438 nisi
902 2373 1034 2439 iuvante
1063 2372 1122 2438 deo
1146 2373 1247 2438 talem
1270 2373 1373 2438 fuisse

137 2477 188 2528 166
199 2461 392 2526 credendum
429 2466 486 2526 est.
543 2460 631 2538 Quae
668 2463 753 2528 ratio
789 2465 904 2547 poetas
941 2484 1154 2548 maxumeque
1191 2461 1373 2528 Homerum

197 2727 282 2794 rium,
300 2725 508 2796 hampicium).
527 2723 582 2779 Mit
594 2723 758 2794 Beziehung
852 2732 890 2780 10.
910 2726 1082 2780 distantium.
1100 2725 1268 2782 Posidonius
1287 2726 1374 2780 nahm

198 2796 250 2851 auf
265 2794 312 2850 dio
330 2800 435 2852 erstorc
453 2796 506 2850 Art
524 2795 595 2850 wird
620 2795 660 2850 sio
685 2797 758 2850 auch
812 2811 857 2862 an,
878 2795 934 2850 dall
953 2794 1042 2850 aullcr
1059 2813 1189 2851 unsorem
1211 2797 1373 2864 Erdlrreise,

198 2867 261 2922 eine
286 2869 391 2922 virsa.
418 2869 514 2922 diviua
531 2869 668 2936 genennt,
693 2867 759 2920 weil
813 2867 863 2920 der
899 2884 949 2921 aus
988 2868 1043 2921 den
1077 2867 1225 2923 Erdteilen
1251 2867 1371 2938 Europa,

199 2939 249 2993 der
267 2937 406 3006 gottlichs
424 2936 505 2992 Geist
523 2954 573 2991 aus
593 2938 658 2991 dem
672 2937 760 2992 Scher
812 2937 909 3007 Asien,
966 2937 1066 2992 Afrika
1116 2939 1242 3006 besteht‚
1299 2940 1372 2993 noch

200 3007 318 3079 spricht.
336 3007 760 3076 Dediv.1,eo:111acoucuauo
814 3008 876 3062 drci
903 3009 1006 3064 andere
1025 3009 1175 3064 Erdkrcise
1200 3009 1371 3076 existicrtem
1412 3069 1416 3084 ,

200 3080 321 3136 declarat
335 3080 389 3134 vim
402 3081 435 3134 s'u
448 3081 760 3136 animiscascdioiaam.
815 3079 922 3135 welche
948 3080 1044 3150 gleich
1072 3079 1168 3149 jenem
1200 3081 1254 3135 wie
1279 3081 1372 3134 Inseln

236 3157 260 3206 6.
290 3151 446 3206 coutralmre
472 3153 675 3207 uuiversitatcm
699 3168 759 3223 peu.
813 3167 878 3205 vom
914 3150 1007 3206 Mesre
1052 3152 1203 3206 umstromt
1248 3153 1371 3206 wsirdsn.

199 3223 288 3290 aum,
306 3220 358 3274 wir
390 3223 474 3275 elwa:
506 3239 573 3276 man
604 3222 679 3276 kann
712 3221 759 3276 die
813 3221 957 3276 Klaomed.
969 3223 989 3290 1,
1000 3227 1025 3276 2.

200 3291 306 3347 Grenzc
342 3308 428 3362 anger
464 3291 575 3360 mahen,
613 3293 670 3346 und
701 3309 758 3346 von
852 3299 891 3348 12.
911 3293 962 3348 siu
980 3299 1070 3348 autem
1089 3293 1223 3348 odernur
1241 3294 1372 3348 monach

202 3364 252 3417 der
270 3362 446 3418 Gesamtheit
465 3365 515 3418 auf
540 3363 586 3418 die
615 3364 760 3417 einzelnen
815 3363 1105 3433 voraufgegangenem
1141 3366 1167 3420 ai
1198 3363 1229 3419 in
1257 3365 1308 3419 der
1331 3382 1371 3418 as-

200 3433 368 3489 lndividuen
386 3435 526 3489 kommen.
814 3434 937 3505 sumptio
955 3435 1004 3489 des
1025 3435 1268 3490 Kettenschlusses
1293 3453 1374 3490 wenn

236 3512 261 3562 8.
280 3522 447 3577 quacumque
464 3508 496 3560 iu
510 3522 567 3560 ora.
593 3505 760 3629 {uirumque
813 3524 871 3559 nun
890 3503 978 3574 aber'‚
998 3505 1051 3561 wie
1071 3507 1118 3573 111,
1129 3513 1176 3572 463
1196 3507 1243 3576 ΙΙΙ,
1255 3513 1298 3562 152.

201 3577 243 3633 als
269 3577 397 3633 Pronom.
417 3576 504 3632 indef.
529 3577 568 3630 im
617 3576 682 3630 inne
704 3593 760 3630 von
851 3583 892 3631 11.
901 3578 1034 3642 Rhodum,
1044 3577 1089 3630 die
1097 3577 1194 3632 aweite
1203 3577 1374 3632 Heimatdes

201 3649 299 3719 quiuis,
312 3650 424 3718 quelibet
433 3648 521 3701 findet
530 3647 591 3701 sich
600 3647 761 3716 abgesehen
814 3647 994 3712 Posidonius,
1009 3647 1062 3701 wie
1079 3649 1172 3702 Athen
1189 3648 1252 3703 eine
1266 3650 1373 3703 Pflanz-

201 3737 258 3774 von
276 3721 330 3773 don
348 3718 570 3787 Verbindungen
592 3734 760 3787 pauculaque
814 3721 900 3773 statto
919 3718 964 3773 fiir
978 3719 1069 3773 Kunst
1087 3720 1145 3772 und
1161 3718 1372 3775 Wissenschaft.

201 3792 317 3858 rutioae,
331 3807 496 3859 quocumque
507 3790 584 3844 modo
598 3789 671 3842 auch
681 3792 761 3843 sonat
851 3796 892 3845 18.
907 3791 1036 3861 dilipuut,
1048 3808 1069 3844 s.
1081 3796 1096 3856 ἢ
1107 3797 1158 3845 115
1168 3809 1191 3845 a.
1201 3799 1373 3862 copuoecuut.

202 3860 337 3915 zuwcilen
354 3860 402 3914 bei
421 3859 530 3926 Cicer03
550 3879 572 3914 a.
589 3859 620 3914 Β.
635 3860 670 3914 de
689 3863 759 3916 orat.
849 3861 964 3916 Curium
996 3859 1088 3916 ‘einen
1122 3860 1241 3931 Curius’,
1279 3863 1373 3932 gleioh
1407 3923 1415 3938 „

202 3933 223 3998 Ι,
232 3937 279 3987 51:
293 3947 460 4000 quacumque
474 3948 507 3985 ea
520 3938 591 3998 arte,
610 3931 646 3984 ad
662 3930 711 3996 Qu.
726 3931 758 3986 fr.
814 3931 868 3985 den
878 3931 1031 4002 folgenden
1042 3933 1115 3987 ohne
1124 3932 1308 4000 Praenomsn‚
1322 3933 1373 3988 wio

201 4002 616 4070 11‚10‚1=quammqueare.
813 4003 991 4072 gewohnlich
1028 4003 1059 4058 in
1093 4004 1211 4059 solchen
1252 4005 1373 4059 Aufzah·

240 4079 264 4128 9.
284 4073 319 4127 ab
333 4072 444 4126 huiusce
452 4079 540 4127 marae
550 4104 583 4112 —
594 4074 761 4128 continuati·
815 4073 928 4143 lungen.
965 4074 1030 4144 Vgl.
1044 4076 1155 4144 Tuscl,
1167 4081 1227 4131 110.

203 4161 253 4199 one
262 4169 289 4189 =
298 4145 333 4198 ab
342 4145 475 4199 tactura
486 4146 646 4210 contiacum,
661 4144 687 4200 d.
697 4143 716 4200 i.
726 4145 762 4199 ab
852 4150 895 4199 19.
915 4145 1073 4203 Calatinum
1092 4165 1113 4201 s.
1127 4146 1163 4216 ΙΙ,
1174 4154 1216 4202 61.

201 4217 476 4272 hocorbetcrrorum.
491 4215 761 4285 VgLSendeeona
851 4222 894 4271 10.
926 4217 1063 4286 Paulum,
1096 4217 1150 4272 den
1183 4218 1282 4289 Sieger
1318 4235 1373 4273 von
1414 4235 1415 4264 Ι

206 4293 252 4342 18:
271 4287 417 4343 Vinculum
430 4293 761 4343 terrarumoceauuscou·
816 4287 923 4356 Pydna.

202 4359 383 4414 tiuuatioacm
409 4360 530 4429 acutium
562 4361 667 4429 meplici
697 4359 762 4414 siau
851 4364 894 4413 21.
915 4358 1080 4426 Gracchum,
1101 4377 1121 4414 s.
1136 4359 1222 4426 11‚10.

202 4432 335 4486 suadem.
852 4430 992 4498 carmem,
1012 4429 1135 4485 ntmlich
1154 4431 1319 4487 Oeueore'um.
1407 4475 1415 4534 ,
