2852 4864
202 264 266 329 140
586 255 636 310 Dll
655 254 809 309 NATURA
827 252 991 309 DEORUM.

201 422 346 488 inanima
374 425 493 486 natura
523 419 591 485 sive
620 417 798 484 necessitas
827 417 861 483 ri
888 440 1008 504 magna
1034 417 1174 483 incitata
1199 417 1382 502 haec-pul-
1415 390 1416 443 l

148 525 182 574 11
203 511 364 577 cherrima
393 532 493 595 opera
524 508 683 592 efficiens,
713 529 795 593 quae
822 507 992 572 videmus·
1023 505 1101 571 Non
1123 511 1175 572 est
1196 507 1308 594 igitur
1331 530 1383 570 na

200 606 276 666 tura
299 601 432 665 deorum
455 603 650 683 praepotens
674 618 779 681 neque
798 595 972 680 excellens,
995 595 1157 681 siquidem
1175 618 1214 660 ea
1230 595 1384 662 subiecta

202 694 253 755 est
280 689 310 754 ei
334 689 387 754 vel
408 686 599 753 necessitati
621 686 672 752 vel
695 689 845 770 naturae,
874 708 939 770 qua
962 685 1099 769 caelum,
1127 685 1243 769 maria,
1275 689 1384 749 terrae

201 782 372 864 regantur3
409 775 493 840 nihil
530 779 582 840 est
617 779 728 840 autem
762 774 985 859 praestantius
1019 774 1093 859 de03
1130 774 1171 853 ab
1203 796 1242 838 eo
1277 773 1385 860 igitur
1400 791 1412 832 s

202 866 360 930 mundum
381 886 512 930 necesse
536 868 587 929 est
608 863 689 949 regi.
730 861 830 927 Nulli
846 862 949 950 igitur
972 866 1024 928 est
1044 865 1181 928 naturae
1202 862 1385 942 oboediens
1416 891 1417 898 ¹

202 959 261 1020 aut
283 953 449 1019 subiectus
473 954 565 1038 deus,
590 974 719 1018 omnem
743 973 821 1039 ergo
844 951 931 1038 regit
954 952 1024 1036 ipse
1046 956 1207 1016 naturam.
1243 951 1389 1016 Etenim

203 1043 232 1110 si
257 1043 464 1108 concedimus
487 1042 716 1127 intellegentes
740 1062 810 1106 esse
833 1041 925 1125 deos,
954 1040 1159 1106 concedimus
1183 1039 1286 1104 etiam
1310 1062 1389 1124 pro-

202 1132 360 1217 videntes,
378 1135 412 1196 et
429 1153 539 1196 rerum
557 1129 688 1216 quidem
706 1151 940 1196 maxumarum.
975 1128 1066 1216 Ergo
1085 1133 1196 1193 utrum
1214 1128 1388 1216 ignorant,

203 1244 288 1306 quae
322 1243 375 1287 res
412 1241 582 1286 maxumae
619 1218 700 1303 sint,
736 1240 865 1304 quoque
901 1240 958 1282 eae
994 1219 1091 1283 modo
1123 1217 1316 1286 tractandae
1354 1222 1387 1282 et
1403 1204 1418 1278 l

203 1310 356 1395 tuendae,
388 1332 432 1374 an
462 1309 530 1374 vim
560 1330 628 1372 non
658 1306 795 1393 habent,
827 1330 892 1392 qua
914 1311 1024 1371 tantas
1048 1329 1100 1372 res
1133 1301 1321 1372 sustineant
1355 1311 1388 1371 et

203 1399 344 1486 gerant?
389 1397 436 1463 At
465 1402 499 1462 et
527 1396 693 1484 ignoratio
723 1419 832 1462 rerum
860 1396 966 1461 aliena
994 1399 1132 1460 naturae
1162 1396 1300 1461 deorum
1323 1399 1388 1480 est,

204 1492 238 1552 et
257 1486 439 1551 sustinendi
457 1485 601 1550 muneris
620 1489 756 1570 propter
774 1484 1034 1551 imbecillitatem
1052 1484 1229 1550 difficultas
1245 1484 1387 1548 minime

205 1575 292 1640 cadit
314 1575 350 1638 in
372 1574 578 1639 maiestatem
601 1574 744 1639 deorum.
781 1574 834 1639 Ex
856 1596 921 1658 quo
945 1572 1086 1639 efficitur
1108 1573 1155 1657 id,
1178 1572 1265 1658 quod
1290 1574 1387 1639 volu-

142 1667 184 1732 31
205 1686 288 1749 mus,
306 1663 440 1729 deorum
458 1663 664 1747 providentia
682 1663 838 1742 mundum
858 1662 1108 1752 administrarit
1126 1661 1230 1748 Atqui
1247 1612 1419 1734 necessell

153 1757 187 1808 ‘18
206 1756 280 1839 est,
298 1775 372 1818 cum
395 1752 463 1818 sint
486 1752 532 1837 di,
562 1752 591 1817 si
614 1752 710 1817 modo
734 1756 824 1838 sunt,
847 1755 885 1816 ut
906 1750 1055 1836 profecto
1079 1775 1094 1816 s
1142 1755 1169 1836 t,
1196 1751 1386 1815 animantes

206 1864 290 1928 esse,
312 1864 373 1907 nec
397 1842 503 1906 solum
526 1841 723 1926 animantes,
746 1841 803 1906 sed
826 1840 926 1906 etiam
948 1839 1087 1906 rationis
1108 1843 1276 1924 compotes
1296 1840 1388 1904 inter

206 1953 315 2017 seque·
329 1931 423 2016 quasi
446 1930 534 1996 cirili
558 1929 786 1995 conciliatione
810 1934 844 1994 et
866 1929 1022 1995 societate
1046 1929 1252 2014 coniunctos,
1280 1951 1387 1992 unum

206 2020 363 2089 mundum
392 2024 431 2085 ut
460 2041 665 2085 communem
692 2041 762 2084 rem
789 2019 955 2103 publicam
978 2024 1076 2103 atque
1099 2019 1213 2082 urbem
1237 2017 1387 2102 aliquam

153 2121 187 2174 19
206 2113 365 2196 regentes.
412 2107 579 2194 Sequitur,
615 2111 653 2173 ut
685 2108 797 2172 eadem
830 2108 875 2172 sit
905 2107 941 2172 in
972 2107 1027 2192 iis,
1059 2129 1142 2192 quae
1172 2106 1320 2195 humano
1351 2107 1388 2170 in

207 2219 338 2285 genere,
360 2197 460 2283 ratio,
483 2197 596 2262 eadem
618 2196 739 2261 veritas
758 2196 933 2281 utrobique
952 2196 997 2261 sit
1015 2195 1191 2281 eademque
1204 2196 1277 2288 ¹len,
1302 2218 1387 2281 quae
1419 2215 1420 2222 ¹

207 2291 258 2352 est
287 2286 369 2352 recti
398 2285 586 2370 praeceptio
615 2285 772 2370 pravique
801 2285 958 2370 depulsio.
1002 2285 1054 2350 Ex
1084 2306 1149 2370 quo
1178 2284 1388 2370 intellegitur

206 2373 415 2460 prudentiam
445 2397 573 2459 quoque
603 2379 637 2440 et
666 2379 809 2442 mentem
837 2374 928 2439 adis
952 2374 993 2438 ad
1014 2372 1164 2439 homines
1186 2374 1388 2458 pervenisse,
1420 2457 1421 2460 Ἴ

208 2464 250 2529 ob
283 2485 418 2548 eamque
451 2485 582 2528 causam
614 2463 775 2528 maiorum
805 2463 969 2528 institutis
1001 2485 1107 2547 mens,
1143 2462 1236 2548 fides',
1268 2463 1388 2544 virtus,

208 2552 382 2617 concordia
414 2555 621 2616 consecratae
654 2556 688 2616 et
719 2551 849 2637 publice
882 2552 1048 2617 dedicatae
1076 2555 1161 2617 sunt.
1208 2549 1301 2626 Quae
1330 2551 1388 2636 qui

208 2641 361 2709 convenit
382 2663 482 2726 penes
506 2640 583 2707 deos
605 2664 676 2706 esse
694 2662 829 2728 negare,
853 2663 1053 2706 cumeorum
1068 2644 1391 2727 augustaetsancta

244 2805 270 2854 1.
280 2800 408 2855 munima
421 2805 533 2869 actura,
548 2798 601 2852 wie
616 2798 676 2853 dies
687 2800 770 2853 unter
860 2805 902 2854 18.
921 2815 1009 2853 unum
1018 2799 1161 2865 mundum,
1175 2796 1215 2850 im
1224 2795 1390 2866 Gegensata

209 2871 317 2926 andern
345 2871 440 2938 Strato
468 2873 501 2941 (s.
526 2873 550 2938 1,
569 2873 628 2940 ab),
660 2869 769 2940 Epikur
822 2886 856 2923 zu
875 2870 930 2924 den
949 2868 1043 2923 vielen
1061 2869 1174 2924 Wolten
1193 2868 1327 2938 Epikurs.

209 2945 243 3010 (s.
253 2943 275 3009 Ι,
286 2943 331 3011 53)
349 2941 407 2995 und
426 2940 473 2996 die
490 2957 594 2996 neuere
612 2939 768 2996 Akademie
860 2947 901 2996 19.
920 2947 952 2995 at
970 2956 1135 2996 communem
1157 2957 1214 2995 rem
1276 2941 1389 2996 blicam.
1420 2933 1421 3019 l

209 3012 506 3083 (s.111;aa)annahm.
822 3011 880 3067 Der
898 3011 1046 3078 (tredente,
1074 3011 1130 3065 dau
1154 3010 1201 3066 die
1264 3011 1306 3065 elt
1331 3029 1387 3066 von
1420 3035 1421 3042 1

245 3084 362 3138 incitata
375 3081 414 3136 ist
428 3082 608 3139 Reflexirum.
628 3084 684 3137 Das
693 3082 768 3140 Part.
823 3083 879 3138 den
902 3082 1033 3152 Gdttern,
1062 3082 1117 3136 wie
1144 3082 1190 3136 ein
1211 3081 1307 3150 Staat,
1337 3083 1389 3136 der

209 3153 283 3208 Perf.
301 3154 354 3207 hat
375 3155 568 3222 prasentische
587 3155 767 3225 Bedeutung,
823 3154 880 3208 alle
912 3153 1065 3208 Menschen
1083 3153 1238 3222 umfasse,
1278 3152 1388 3224 regiert

208 3224 263 3280 wie
281 3231 389 3295 eperuto
407 3225 499 3292 Ι,116.
823 3225 931 3292 werde,
950 3223 988 3278 ist
1011 3224 1159 3295 specifisch
1178 3223 1294 3280 stoisch.
1332 3223 1386 3278 Die

206 3303 209 3308 “
245 3303 271 3352 3.
290 3313 331 3362 ea,
346 3314 368 3352 s.
383 3298 571 3363 5222111111
588 3328 622 3339 -
640 3299 680 3353 id.
825 3295 938 3350 Stoiker
948 3312 1041 3351 waren
1052 3313 1089 3366 es,
1108 3295 1153 3349 die
1164 3295 1210 3350 die
1220 3295 1387 3350 Schranken

130 3373 134 3381 ⁴
247 3374 271 3423 1.
289 3367 401 3423 Etenim
416 3365 541 3436 ‘ferner',
562 3387 583 3425 s.
597 3373 699 3432 affl.
824 3367 874 3422 der
897 3366 1098 3434 Nationalitat,
1127 3366 1173 3421 die
1201 3366 1249 3421 dio
1277 3366 1387 3421 Vener

246 3445 271 3494 8.
290 3441 373 3494 etiam
386 3441 569 3509 procedentes.
605 3439 667 3492 Dass
686 3439 770 3510 ,diere
824 3440 972 3506 trennten,
1002 3437 1233 3493 niederzureillen
1266 3439 1386 3492 suchten

209 3510 372 3580 Fulgerung
407 3511 489 3565 nicht
523 3509 688 3580 notwendig
718 3510 769 3580 ist,
823 3509 881 3563 und
907 3509 952 3562 fiir
982 3510 1033 3562 das
1058 3508 1304 3579 Weltbiirgertum
1329 3509 1386 3562 und

210 3582 375 3710 “bladi
395 3581 661 3723 G⁶llttdtfllllla
680 3653 771 3723 aaa
824 3579 1386 3720 tdtddtlllfiz{lttltdffllgl

209 3725 280 3780 wird
295 3672 413 3794 gaitellt
429 3723 460 3777 in
474 3724 525 3778 der
539 3723 770 3796 Voreussetzung‚
824 3722 858 3792 ll,
876 3728 935 3777 154.

211 3795 268 3851 dall
294 3797 345 3850 der
363 3795 443 3863 Sata,
473 3793 519 3848 die
547 3793 647 3849 Gdtter
671 3797 772 3851 hatten
860 3800 903 3848 20.
914 3794 1137 3850 eudem-ratio.
1157 3794 1220 3849 Seu.
1235 3801 1386 3864 ep.66,11:

211 3867 257 3922 fur
266 3865 313 3921 die
328 3865 508 3933 wichtigstcn
521 3864 614 3936 Dinge
623 3865 770 3938 Fdrsorga
824 3865 910 3920 Ratio
923 3871 1014 3919 autem
1028 3866 1099 3920 aibat
1112 3867 1191 3921 aliud
1204 3872 1242 3921 est
1258 3883 1341 3936 quom
1355 3868 1387 3920 in

211 3954 268 3992 von
286 3936 377 3990 einem
396 3935 508 4004 Gegner
521 3936 674 4006 geleugnet
693 3937 770 3993 wird.
825 3952 924 4006 corpus
937 3937 1088 3992 tumeam
1091 3953 1162 4007 pars
1170 3938 1261 3993 diuini
1269 3939 1387 4008 spiritua

211 4008 274 4077 Vgl.
289 4013 304 4073 ὅ
319 4013 366 4062 81ε
386 4005 492 4076 Doceat
509 4025 579 4078 erpo.
825 4024 921 4062 masc.

250 4084 291 4133 16.
310 4084 343 4132 at
360 4077 483 4146 profecto
504 4085 582 4147 ssent,
605 4078 687 4135 nicht
704 4075 770 4134 ‘wie
861 4083 904 4131 21.
923 4078 1065 4147 eamque
1083 4079 1308 4149 1ee,vgl.1‚ao.

212 4164 242 4203 es
270 4147 401 4202 wirklich
429 4149 535 4204 welche
563 4146 663 4220 giebt’,
697 4151 773 4204 denn
862 4155 905 4203 24.
924 4164 1012 4216 meua,
1029 4150 1096 4218 fidae
1115 4153 1176 4217 etc,
1191 4150 1248 4220 vgl.
1264 4156 1333 4216 §6¹-

213 4220 264 4274 das
283 4219 378 4274 wiirde
397 4217 501 4275 heillen
514 4223 598 4277 sicuti
610 4229 683 4291 aaut,
708 4238 771 4276 son·
862 4225 905 4274 25.
939 4220 1015 4290 Quae
1050 4216 1246 4290 ‘dergleichen
1284 4221 1385 4292 Eigen-

214 4292 291 4360 dem,
313 4290 361 4348 uie
382 4289 422 4344 sie
437 4290 596 4361 sicherlich,
616 4294 642 4349 d.
657 4295 684 4349 h.
699 4293 773 4346 nach
827 4287 977 4358 achaften'‚
997 4307 1018 4346 s.
1034 4290 1095 4358 11‚r
1110 4310 1175 4347 aea
1193 4293 1307 4348 ostendi.

212 4362 320 4419 meiner
355 4362 448 4418 festen
477 4352 682 4434 llberzeugung
716 4362 773 4419 exi-
863 4369 907 4417 26.
925 4379 1017 4418 corum
1035 4360 1074 4416 iet
1096 4362 1176 4418 nicht
1199 4363 1250 4417 auf
1272 4365 1337 4420 deos
1355 4380 1387 4418 au
1412 4389 1421 4408 1

214 4434 328 4490 stioren.
365 4433 391 4490 S.
407 4435 457 4503 1‚5
472 4455 495 4492 z,
505 4438 636 4508 profecto.
828 4433 975 4503 beziehen,
995 4433 1117 4488 sondern
1136 4434 1187 4488 auf
1204 4434 1288 4505 Quae.
