2852 4864
208 260 271 324 126
593 213 642 309 Di}
662 255 816 310 NATURA
835 255 998 313 DEORUM.

206 441 269 504 que
292 418 512 504 prudentiam,
535 441 672 504 quarum
696 424 748 484 est
766 419 931 488 cotidiana
948 420 1143 487 conveniens
1163 425 1380 506 constansque
1410 407 1411 502 l

206 507 384 592 conversio,
403 529 463 572 nec
481 507 605 572 habent
623 507 787 572 aetherios
807 531 920 574 cursus
939 531 1044 595 neque
1063 511 1151 575 caelo
1166 509 1380 594 inhaerentes,
1410 521 1411 576 l

205 601 243 661 ut
274 595 421 681 plerique
453 596 566 661 dicunt
597 595 752 682 physicae
784 597 922 662 rationis
949 598 1066 684 ignari.
1112 598 1189 664 Non
1217 604 1270 663 est
1300 599 1381 663 eninr
1410 579 1411 648 l

206 685 347 750 aetheris
381 707 419 749 ea
449 689 581 770 natura,
613 690 651 749 ut
677 686 797 750 visua
824 685 937 751 stellas
961 688 1130 771 complexa
1153 692 1381 772 contorqueat,

204 795 282 838 nam
315 773 422 837 tenuis
454 796 493 838 ae
523 773 694 857 perlucens
722 779 756 838 et
783 775 946 860 aequabili
974 776 1080 840 calore
1103 776 1246 840 suffusus
1270 775 1411 840 aethera

151 875 186 925 aa
205 883 273 925 non
296 861 376 925 satis
400 867 497 945 aptus
521 862 561 926 ad
585 864 696 927 stellas
721 863 933 928 continendas
954 864 1092 930 videtur.
1128 863 1262 928 Habent
1281 865 1381 950 igitur

206 972 298 1014 suam
335 949 507 1033 sphaeram
539 952 654 1016 stellae
685 951 867 1016 inerrantes
900 952 941 1016 ab
974 952 1120 1016 aetheria
1152 953 1381 1018 coniunctione

206 1042 365 1104 secretam
398 1043 431 1103 et
462 1038 608 1104 liberam.
654 1039 778 1104 Earum
810 1045 921 1105 autem
951 1062 1108 1124 perennes
1140 1063 1254 1106 cursus
1285 1047 1381 1126 atque

204 1127 355 1211 perpetui
378 1150 452 1193 cunr
475 1128 660 1194 admirabili
683 1129 930 1214 incredibilique
954 1129 1140 1194 constantia
1161 1130 1333 1194 declarant
1350 1131 1382 1193 in

204 1216 256 1281 his
279 1216 347 1282 vim
370 1221 404 1281 et
426 1221 570 1282 mentem
594 1240 664 1283 esse
688 1217 844 1302 divinam,
867 1223 917 1302 ut,
940 1217 1020 1282 haec
1043 1218 1115 1302 ipsa
1139 1218 1196 1303 qui
1217 1240 1289 1283 non
1313 1241 1403 1283 san-1

204 1305 268 1369 tiat
290 1305 425 1370 deorum
447 1306 514 1371 vim
538 1305 671 1391 habere,
693 1306 722 1370 is
744 1305 828 1370 nihil
852 1305 984 1371 omnino
1008 1329 1162 1372 sensurus
1186 1329 1258 1371 esse
1278 1308 1381 1373 videa-

151 1407 186 1457 ba
205 1398 267 1458 tur.
318 1393 418 1459 Nulla
449 1394 553 1481 igitur
585 1395 621 1459 in
652 1394 741 1460 caelo
772 1416 834 1460 nec
865 1394 999 1460 fortuna
1029 1417 1089 1460 nec
1122 1395 1293 1461 temeritas
1323 1418 1378 1460 nec

205 1482 325 1548 erratio
348 1505 408 1548 nec
431 1484 559 1548 vanitas
582 1483 670 1549 inest
688 1487 866 1569 contraque
885 1483 991 1549 omnis
1011 1484 1103 1567 ordo,
1126 1484 1264 1568 veritas,
1288 1484 1379 1568 ratio,

205 1571 404 1656 constantia3
440 1594 587 1657 quaeque
618 1572 671 1636 his
703 1577 820 1637 vacant
853 1571 1010 1637 ementita
1043 1576 1076 1638 et
1106 1571 1191 1637 falsa
1219 1574 1379 1658 plenaque
1411 1633 1412 1636 ,

205 1660 338 1745 erroris,
371 1682 408 1724 aa
435 1661 557 1726 circum
585 1665 690 1725 terras
717 1660 804 1725 infra
831 1662 956 1745 lunam,
989 1683 1071 1746 quae
1095 1661 1242 1725 omnium
1264 1663 1379 1726 ultima

204 1752 268 1833 ast,
304 1749 340 1813 in
377 1749 538 1834 terrisque
574 1754 754 1815 versantur.
810 1747 1008 1815 Caelestium
1044 1770 1125 1852 ergq
1155 1749 1380 1815 admirabilem

204 1836 351 1901 ordinem
381 1838 667 1923 incredibilemque
697 1839 931 1922 constantiam,
966 1860 1005 1902 ex
1034 1860 1099 1923 qua
1121 1839 1328 1904 conservatio
1351 1844 1380 1904 et

204 1926 292 1990 salus
320 1926 465 1990 omnium
492 1927 599 1992 omnis
622 1927 740 2011 oritur,
767 1927 824 2012 qui
845 1950 961 1992 vacare
990 1930 1099 1992 menta
1121 1930 1231 2011 putat,
1258 1927 1289 1992 is
1313 1928 1379 2012 ipse

149 2027 185 2078 57
204 2014 324 2079 mentis
348 2038 462 2099 expers
485 2017 653 2081 habendus
674 2019 733 2080 est.
779 2015 877 2080 Haud
896 2037 987 2103 ergo,
1011 2020 1049 2080 ut
1069 2016 1198 2101 opinor,
1220 2037 1379 2100 erravero,

239 2229 263 2278 2.
282 2225 692 2280 nectabantaetberebaaereaa
714 2225 764 2280 Die
815 2223 908 2294 ‘eitel,
936 2227 1027 2280 lauter
1064 2220 1219 2294 Ordnung’.
1269 2225 1379 2280 Ebenso

203 2293 402 2365 Bewcgungan
421 2296 471 2349 der
489 2295 633 2350 Fixatarne
652 2298 766 2351 werden
819 2302 903 2362 §58:
923 2299 1011 2352 omnia
1033 2303 1162 2363 ornatae,
1190 2295 1225 2349 ad
1244 2295 1313 2351 fam.
1336 2297 1378 2365 lV,
1411 2343 1412 2368 ,

203 2364 284 2418 nicht
297 2365 518 2438 hervorgqrufen
533 2366 620 2420 durch
636 2368 689 2422 den
698 2367 763 2421 Um·
819 2374 883 2436 4,s:
903 2370 982 2424 cretae
1000 2385 1046 2439 epo
1066 2385 1127 2422 cam
1149 2368 1224 2421 omni
1242 2370 1381 2436 probitate
1411 2381 1412 2430 l

204 2435 318 2488 schwun
356 2436 405 2490 des
420 2437 535 2504 Athens,
555 2437 617 2492 eina
633 2436 763 2508 Ansicht,
819 2456 976 2508 summaque
999 2442 1112 2504 atrtate,
1136 2444 1193 2493 tam
1215 2439 1321 2492 stadiis
1338 2441 1379 2493 de-
1411 2463 1412 2468 ¹

204 2505 312 2560 welche
340 2507 764 2578 enophanes,Anaxagoras,De-
820 2511 906 2566 tector.
929 2509 980 2564 Dia
990 2509 1143 2577 folgenden
1152 2509 1250 2562 Worte
1265 2510 1380 2562 wfirden

203 2576 581 2647 mohritvartraten.--nec,
596 2581 764 2635 adversativ.
820 2580 881 2635 sich
917 2580 1092 2650 vollsttindig
1128 2579 1282 2635 chiastisch
1322 2583 1379 2634 ent

238 2665 323 2719 nepae
340 2650 413 2705 caeto
427 2651 604 2706 inhaerentes.
632 2650 682 2706 Dia
703 2651 763 2704 rix·
819 2651 968 2721 sprechen,
993 2669 1076 2705 wenn
1098 2652 1165 2706 orata
1192 2650 1269 2705 seina
1291 2650 1379 2704 Stella

203 2722 296 2776 sterne
313 2720 376 2775 sind
392 2720 473 2776 nicht
489 2721 542 2776 wie
558 2721 649 2792 Nbgel
664 2722 695 2776 in
713 2722 764 2778 das
817 2723 891 2776 nach
909 2724 1009 2778 ceritas
1027 2722 1114 2777 hatte.
1145 2720 1196 2776 Die
1211 2723 1377 2792 horrespon·

202 2790 763 2863 Firmamentaingeschlagcnundfolgen
818 2793 973 2848 dieranden
1004 2792 1119 2854 Glieder
1155 2792 1271 2846 wardan
1306 2793 1378 2846 daun

202 2863 622 2988 derBewegunqdesletzteran,
631 2864 764 2920 wiaAna-
818 2863 879 2918 sein
887 2866 1003 2932 fortuna
1016 2895 1047 2905 -
1060 2866 1224 2930 constantia,
1243 2867 1378 2918 temeritas

201 2932 326 2987 ximenes
335 2935 392 2987 und
410 2935 763 3004 ,mpedoklesannahmen
819 2937 944 3003 -ratia,
963 2937 1065 2990 erratio
1080 2967 1113 2976 —
1128 2936 1204 3002 ordo,
1218 2937 1332 2990 vanitas
1347 2965 1375 2973 -
1412 2937 1413 3002 l

203 3002 323 3057 sordem
338 3005 378 3058 sie
389 3005 552 3060 habenihrc
563 3005 645 3072 signe
655 3007 763 3074 Spharc
817 3007 924 3061 veritae.

202 3074 261 3127 und
282 3073 344 3128 ihre
373 3075 565 3146 selbstbndiga
590 3077 761 3148 Bewegung.
852 3082 894 3132 15.
914 3079 1036 3132 anniam
1063 3094 1100 3131 sc.
1124 3077 1273 3131 atettaram.
1311 3076 1378 3130 Zum

202 3144 295 3198 Wenn
315 3161 344 3199 aa
364 3144 402 3198 im
421 3144 577 3216 Gegensatz
595 3167 629 3202 zu
647 3165 762 3204 unsarar
816 3145 971 3202 Gedanken
993 3148 1049 3217 vgl.
1072 3148 1107 3202 de
1124 3165 1144 3201 r.
1165 3165 1193 3217 p.
1208 3147 1254 3215 Vt,
1270 3153 1320 3202 1't:
1348 3149 1379 3202 in

203 3215 761 3285 StellaTusc.V,bbheissbsideraaidertt
815 3220 910 3287 infimo
937 3221 1000 3275 orbe
1027 3221 1096 3274 tana
1123 3220 1225 3273 radiis·
1243 3219 1312 3273 cotia
1334 3235 1377 3272 ac·

202 3288 416 3342 innumerabilia
431 3291 503 3344 caeto
514 3291 686 3345 inhaerentia
697 3308 759 3346 cam
813 3306 894 3346 aenea
914 3292 1086 3346 aeremitae.
1114 3290 1200 3357 Infra
1213 3296 1377 3344 autemeam

202 3359 759 3430 eiaeipsiasmotacanpraereeertisinfiaa
813 3362 888 3416 nihil
916 3369 954 3418 ert
978 3363 1036 3416 nebi
1059 3362 1171 3416 matare
1196 3366 1221 3414 et
1244 3361 1377 3415 cadantm

201 3429 319 3496 redibas,
338 3446 368 3483 so
388 3431 507 3485 erkennt
534 3449 600 3486 man
628 3433 678 3484 das
706 3432 758 3486 Be·
809 3439 921 3502 praeter
963 3434 1070 3487 animoa
1114 3448 1223 3486 manere
1266 3432 1377 3486 deerant

202 3501 315 3556 straben
334 3501 384 3555 das
398 3501 512 3568 Balbus,
532 3503 587 3556 den
596 3503 761 3557 Fixsternen
813 3504 953 3558 imminuta
967 3504 1060 3575 paneri
1073 3504 1163 3570 dator,
1179 3518 1266 3572 capra
1282 3503 1377 3557 tanam

201 3571 243 3625 als
262 3572 422 3642 gtttlichen
437 3572 540 3627 Wesen
558 3573 619 3627 ihre
636 3572 761 3628 Freiheit
814 3581 881 3630 eant
898 3580 1010 3628 aeterna
1029 3576 1130 3629 omnia.

201 3661 236 3697 zu
254 3645 354 3698 retten.
852 3651 895 3700 17.
911 3646 1078 3701 conservatio
1095 3675 1125 3684 -
1141 3645 1263 3698 anniam
1277 3644 1376 3698 omnic.

237 3720 261 3770 5.
281 3716 420 3784 aequabili
438 3716 524 3769 actare
542 3714 677 3782 aaffneae,
697 3713 759 3780 eine
814 3715 867 3771 Die
887 3715 1113 3786 gewohnliehara
1130 3714 1263 3781 Stellung
1279 3714 1378 3768 wtirde

201 3783 472 3854 Gleichmtttligtreit,
488 3784 595 3839 welche
610 3785 699 3838 durch
713 3785 760 3840 dia
814 3784 1377 3853 seinomniaomniameanseraatia.S.l,50.

201 3854 760 3924 BertihrungmitderfeurigenStarnen·
852 3865 893 3914 19.
922 3859 1018 3931 neptis
1045 3874 1140 3927 expers
1163 3858 1305 3912 habendae
1330 3862 1377 3910 art.

200 3925 269 3979 walt
286 3928 397 3994 gestbrt
413 3927 527 3980 werden
546 3926 645 3982 wurda.
814 3927 879 3999 Vgl.
895 3927 941 3983 die
960 3926 1115 3998 Anltcrung
1137 3926 1296 3982 Friedrichs
1326 3927 1378 3980 des

237 4003 261 4050 8.
273 3999 685 4053 careas-eam-canetaatia.
695 3998 759 4069 Vgl.
815 3997 926 4053 Grotten
954 3999 984 4052 in
1012 4002 1102 4054 einem
1130 3997 1291 4068 Gaspracha
1324 3997 1378 4051 mit

200 4067 234 4134 ll,
246 4073 309 4120 144:
320 4067 551 4123 introitasmattte
563 4085 624 4123 cam
635 4071 761 4138 lienibus,
815 4070 850 4124 da
861 4069 933 4138 Catt,
944 4068 1093 4125 veranlallt
1101 4070 1189 4124 durch
1196 4069 1244 4122 dia
1254 4068 1375 4122 Lehture

200 4139 252 4206 Ill,
280 4144 326 4191 64:
354 4140 465 4193 animas
483 4156 545 4194 cam
567 4142 758 4212 inteltepentia.
814 4141 907 4196 dieser
921 4141 1022 4196 Stella:
1042 4140 1098 4209 Oh,
1112 4157 1178 4195 mon
1192 4139 1261 4208 anri,
1280 4138 1305 4192 si
1320 4138 1376 4192 l'on

201 4209 228 4264 S.
246 4211 271 4277 t,
286 4217 320 4264 30
334 4228 355 4264 z.
374 4212 433 4266 sine
451 4227 568 4280 corpore.
812 4210 937 4266 n’admet
954 4229 1005 4281 pas
1027 4229 1066 4265 un
1093 4214 1153 4266 atre
1176 4212 1378 4265 conservateur

237 4287 277 4336 13.
297 4288 457 4351 contraque,
475 4298 574 4352 wagan
592 4300 642 4352 qae
656 4301 677 4340 s.
692 4283 713 4351 I,
725 4289 758 4338 'tb
813 4283 849 4337 de
868 4286 913 4338 cet
931 4282 1057 4350 univers,
1076 4282 1098 4336 il
1116 4282 1178 4337 faut
1191 4281 1272 4335 avoir
1284 4281 1376 4350 perdu

198 4371 221 4406 r.
236 4355 323 4423 aitque
336 4370 421 4423 para.
811 4354 840 4409 le
860 4371 923 4409 sens
942 4371 1084 4421 commun,
1103 4356 1167 4408 tant
1189 4354 1223 4407 da
1246 4353 1299 4406 fine
1326 4352 1375 4406 ad·

235 4426 323 4478 omnis
358 4426 438 4494 ordo,
474 4426 563 4481 omnis
606 4423 759 4494 qualitativ
812 4425 959 4494 mirablaa,
982 4428 1046 4480 tant
1069 4425 1104 4479 da
1128 4440 1243 4494 movens
1266 4439 1377 4494 poury
