2854 4864
135 267 200 332 236
522 261 572 316 Du
591 261 745 316 NATURA
763 259 926 317 DEORUM.

73 461 115 526 37
135 425 367 510 Improborum
388 425 493 512 igitur
514 424 750 510 prosperitates
774 425 997 510 secundaeque
1020 445 1072 489 res
1099 424 1316 510 redarguunt,
1425 415 1426 510 l

83 551 116 604 89
135 517 174 579 ut
197 513 361 601 Diogenes
386 514 529 598 dicebat,
551 514 618 578 vim
642 535 772 578 omnem
795 513 930 578 deorum
954 535 992 578 ac
1014 516 1223 598 potestatem.
1265 511 1317 578 At
1425 533 1426 544 ¹

135 625 203 668 non
224 625 404 689 numquam
426 603 532 668 bonos
555 602 661 667 exitus
684 601 808 667 habent
839 602 927 667 boni.
973 601 1040 666 Eos
1072 601 1204 686 quidem
1232 603 1316 666 arri·
1425 673 1426 678 η

135 691 243 777 pimus
267 692 544 777 attribuimusque
567 691 637 756 sine
660 691 728 756 ulla
750 691 877 757 ratione
900 690 951 755 dis
973 690 1226 756 immortalibus.
1264 690 1314 756 At
1425 683 1426 722 ³

135 779 298 867 Diagoras
322 802 396 846 cum
416 779 664 845 Samothracam
686 780 843 865 venisset,
871 775 975 856 ἄθεος
1005 779 1062 844 ille
1092 779 1149 864 qui
1180 779 1346 865 dicitur,s

136 873 235 954 atque
259 869 289 934 ei
312 869 444 955 quidam
463 869 585 934 amicus
605 867 692 954 ‘Tu,
716 869 781 955 qui
803 869 892 934 deos
916 873 1030 953 putas
1057 867 1224 932 humana
1250 890 1316 932 ne·

137 957 308 1044 glegerc,
344 980 471 1023 nonne
505 958 782 1023 animadvertis
815 980 859 1022 ex
890 961 952 1022 tot
987 957 1136 1023 tabulis
1173 957 1313 1042 pictis,

137 1068 249 1132 quam
272 1047 387 1111 multi
409 1047 514 1113 votis
537 1047 613 1111 vim
636 1047 890 1131 tempestatis
919 1044 1139 1132 effugerint
1162 1045 1203 1109 in
1224 1067 1315 1130 por·
1425 1077 1426 1092 ι

137 1139 294 1221 tumque
317 1136 417 1201 salvi
439 1132 736 1220 pervenerintl',
756 1130 835 1200 ‘Ita
856 1129 931 1220 fit’,
958 1135 1081 1220 inquit,
1105 1131 1185 1198 ‘illi
1212 1135 1315 1199 enim
1425 1135 1426 1194 l

136 1247 327 1310 nusquam
350 1225 449 1310 picti
473 1230 577 1309 sunt,
600 1225 666 1310 qui
687 1222 898 1310 naufragia
926 1223 1105 1288 fecerunt
1134 1223 1175 1287 in
1197 1223 1315 1288 mari·
1335 1245 1361 1285 ιο
1425 1259 1426 1285 ι

138 1335 209 1399 quc
232 1312 451 1397 perierunt?
494 1313 658 1398 Idemque,
682 1335 756 1378 oum
775 1313 805 1378 ei
822 1313 994 1399 naviganti
1010 1317 1158 1377 vectores
1177 1312 1315 1378 adversa
1425 1343 1426 1358 ι

137 1406 334 1487 tempestate
357 1401 466 1467 timidi
489 1406 522 1466 et
544 1402 712 1487 perterriti
735 1402 880 1468 dicerent
902 1424 970 1466 non
991 1401 1112 1465 iniuria
1139 1400 1205 1465 sibi
1230 1401 1314 1466 illud
1425 1397 1426 1464 l

137 1490 296 1575 accidere,
320 1491 376 1576 qui
398 1491 492 1555 illum
514 1491 550 1554 in
572 1491 708 1556 eandem
729 1513 846 1556 navem
863 1490 1077 1575 recepissent,
1101 1489 1246 1554 ostendit
1264 1490 1314 1554 eis
1425 1513 1426 1516 ¹

137 1578 173 1642 in
202 1578 314 1643 eodem
347 1601 444 1644 cursu
474 1579 595 1644 multas
626 1579 706 1644 alias
738 1580 925 1645 laborantes
959 1578 1197 1664 quaesivitque,
1232 1600 1314 1643 num

139 1666 240 1732 etiam
262 1667 361 1732 iniis
384 1667 522 1732 navibus
545 1667 724 1754 Diagoram
746 1668 822 1734 vehi
841 1668 1020 1732 'crederent
1067 1665 1122 1732 Sic
1150 1667 1238 1731 enim
1259 1690 1313 1732 res
1335 1689 1361 1731 ιε
1425 1675 1426 1690 .

139 1777 174 1821 sc
197 1755 310 1840 habet,
332 1760 370 1820 ut
393 1756 433 1821 ad
456 1779 647 1841 prosperam
679 1757 886 1822 adversamve
915 1756 1100 1842 fortunam,
1130 1755 1236 1841 qualis
1266 1757 1313 1820 sis

86 1856 120 1905 90
140 1848 197 1909 aut
220 1867 316 1930 quem
339 1845 380 1909 ad
403 1846 535 1910 modum
558 1846 691 1930 vixeris,
713 1845 797 1911 nihil
820 1845 960 1910 intersit.
1006 1845 1083 1910 Non
1112 1845 1314 1910 animadver-
1425 1889 1426 1924 ,

139 1937 228 2017 tunt,
251 1934 373 2019 inquit,
396 1934 506 1999 omnia
528 1933 575 2018 di,
597 1956 638 1999 ne
668 1955 762 2021 reges
793 1935 932 2020 quidem.
986 1932 1070 2010 Quid
1100 1939 1151 1999 est
1184 1933 1315 1998 simile?
1425 2001 1426 2008 ,

77 2022 120 2088 38
139 2021 247 2108 Reges
271 2023 358 2087 enim
382 2024 410 2087 si
433 2023 573 2090 scientes
596 2024 879 2108 praetermittunt,
908 2044 1029 2109 magna
1059 2023 1155 2108 culpa
1185 2027 1248 2108 est3
1277 2026 1315 2087 at
1425 2009 1426 2058 l

140 2111 199 2175 deo
222 2133 263 2176 ne
287 2112 453 2177 excusatio
477 2112 608 2196 quidem
632 2116 682 2177 est
704 2112 904 2177 inscientiae.
939 2109 1043 2187 Quem
1065 2134 1123 2176 vos
1147 2111 1314 2196 praeclare
1333 2135 1363 2174 so
1425 2119 1426 2142 ³

140 2198 326 2285 defenditis,
350 2223 423 2265 cum
446 2200 555 2265 dicitis
579 2223 651 2265 eam
673 2201 741 2266 vim
759 2201 894 2266 deorum
913 2223 993 2285 esse,
1015 2204 1062 2285 ut,
1085 2200 1216 2264 etiamsi
1240 2200 1315 2284 quis

140 2293 246 2353 morte
281 2311 403 2372 poenas
442 2289 572 2354 sceleris
610 2289 775 2376 effugerit,
811 2293 1005 2374 expetantur
1041 2311 1096 2354 eae
1133 2310 1258 2373 poenae
1295 2312 1316 2353 a

140 2377 267 2461 liberis,
290 2400 309 2441 a
331 2377 522 2462 nepotibus,
545 2401 564 2442 a
583 2379 733 2462 posteris.
765 2378 929 2443 Omiram
948 2378 1147 2463 aequitatem
1166 2379 1317 2442 deorum!

177 2593 202 2642 2.
221 2593 254 2642 ut
270 2586 407 2658 Diopeoes
425 2588 546 2642 dicebat:
566 2585 613 2657 111,
625 2593 667 2642 80.
790 2593 832 2643 22.
851 2593 1015 2658 expetuntur
1033 2603 1139 2657 poenae
1166 2605 1185 2643 α
1212 2589 1315 2642 tiberis.

177 2663 202 2712 5.
222 2658 373 2729 Diagoras,
392 2676 413 2713 s.
428 2677 449 2713 z.
465 2659 485 2726 I,
501 2663 525 2713 2.
754 2658 819 2746 Vgl.
837 2659 865 2713 ll.
881 2659 926 2728 IV,
939 2665 1002 2714 160:
1023 2661 1102 2727 staec
1127 2655 1182 2729 poio
1209 2677 1239 2712 τε
1265 2659 1317 2712 καλ

177 2735 202 2784 6.
221 2731 327 2784 amimea
350 2746 387 2784 sc.
411 2731 531 2785 dixisset.
573 2729 626 2784 Die
648 2747 699 2783 un·
754 2725 847 2784 αντλιι’
866 2725 1013 2799 Ὁλύμοτιος
1031 2725 1084 2785 οὖν
1103 2724 1255 2796 ἐτέλεσσεν,
1283 2727 1317 2783 ἔτι

140 2800 337 2868 gewthnlicbe
378 2800 487 2870 Ellipss
523 2801 573 2855 des
615 2800 699 2856 Verb.
753 2819 782 2854 τε
803 2799 851 2854 καὶ
871 2797 925 2869 ὀψὲ
949 2805 1035 2855 τελεῖ·
1064 2798 1116 2855 σύν
1144 2819 1173 2854 τε
1202 2797 1316 2873 μεγάλῳ

142 2870 254 2925 dicendi
278 2871 317 2924 im
344 2871 521 2940 Konjunktiv
548 2870 620 2925 vvird
652 2888 699 2940 ge·
754 2868 903 2940 ἀπέτισαν,
940 2869 992 2926 σὺν
1024 2873 1129 2942 σφῇσιν
1165 2873 1317 2942 κεφαλῇσι,

140 2942 254 2996 mildert
273 2943 361 2996 durch
379 2943 435 2997 den
451 2941 700 3012 voraufgehenden
753 2944 869 3013 γυναιξί
883 2961 912 2998 τε
931 2942 981 2996 καὶ
999 2939 1148 2998 τεκέεσσιν.
1168 2942 1225 2998 Sol.
1240 2943 1316 3008 Xlll,

140 3012 316 3081 Konjunktiv
334 3016 456 3069 venisset.
755 3020 788 3068 31
812 3013 919 3084 Bergk=
946 3012 1069 3068 ἀναίτιοι
1096 3011 1164 3084 ἔργα
1188 3017 1317 3068 τίνουσιν

179 3090 202 3138 7.
222 3101 254 3138 esc
272 3091 310 3139 tot
341 3086 444 3140 tabulis
471 3085 571 3154 μλολλε,
603 3083 701 3139 Votiv·
754 3079 894 3176 ipaatdec
912 3082 1019 3140 τούτων
1035 3081 1108 3155 (citer
1127 3087 1178 3153 ὢν)
1196 3077 1214 3154 ἢ
1233 3084 1317 3155 γένος

141 3155 279 3224 gemtlde,
299 3155 350 3208 auf
365 3155 492 3210 welchen
506 3155 552 3210 die
571 3172 627 3209 von
646 3157 701 3210 den
755 3176 794 3210 σιν
814 3151 912 3210 ὀπίσω.
949 3155 1045 3225 Eurip.
1064 3157 1092 3212 b.
1138 3157 1188 3210 lut.
1212 3156 1239 3209 d.
1261 3173 1314 3210 ser.

143 3225 392 3295 Schiffbrfichigen
405 3227 632 3281 tiberstandenen
646 3227 700 3282 Ge·
753 3244 827 3281 num.
842 3227 919 3283 vind.
933 3245 960 3297 p.
975 3234 1023 3283 48:
1042 3223 1078 3281 τὰ
1095 3229 1152 3282 τῶν
1173 3224 1316 3282 τεκόντων

142 3297 241 3350 fabren
280 3297 447 3366 dargestellt
482 3314 584 3351 waren.
634 3297 701 3352 Man
755 3293 892 3368 σφάλματ’
923 3299 962 3359 εἰς
987 3293 1053 3360 τοὺς
1086 3293 1220 3368 ἐκγόνους
1247 3297 1316 3352 θεολ

141 3367 246 3438 pflegte
270 3366 311 3420 sie
336 3367 366 3420 iu
393 3367 448 3422 den
472 3367 607 3437 Tempeln
638 3369 699 3422 der·
754 3367 894 3437 τρὲιιοοσι.
939 3369 1011 3426 'Hor
1040 3385 1124 3424 carm.
1158 3369 1210 3437 ΙΙΙ,
1235 3375 1264 3438 6,
1290 3385 1315 3423 1:

139 3438 257 3508 jenigen
293 3437 460 3493 Gottheiten
496 3439 699 3509 aufzuhttngen,
755 3441 865 3495 Delicta
902 3442 1038 3496 maiorum
1065 3441 1217 3496 immeritas
1248 3442 1316 3508 lues,

143 3509 234 3564 denen
252 3527 318 3564 man
341 3509 417 3564 seine
437 3509 561 3580 Rettung
583 3529 616 3563 zu
638 3527 700 3565 ver·
754 3512 886 3567 Romnae.
1425 3577 1426 3582 ἵ

143 3581 255 3635 danken
272 3582 398 3651 glaubte.
426 3581 699 3649 Hor.carm.l‚5‚1s;
790 3588 832 3638 23.
854 3583 993 3637 Omiram
1007 3584 1170 3652 aequitatem
1187 3583 1317 3637 deorum!
1425 3603 1426 3630 1

142 3653 194 3707 sat.
209 3653 321 3720 ll,l,ea.
754 3651 812 3707 Aus
825 3654 974 3707 Plutarchs
991 3653 1097 3707 Schrilt
1111 3652 1146 3706 de
1162 3669 1213 3708 ser.
1239 3671 1315 3708 num.
1425 3691 1426 3694 κ

178 3730 203 3778 9.
222 3724 270 3778 Ita
287 3727 328 3792 fit,
347 3723 409 3778 eine
428 3722 539 3778 Formel
559 3723 608 3777 der
635 3739 699 3776 oon·
753 3723 829 3780 vind.
853 3743 880 3794 p.
904 3731 937 3780 66
959 3724 1006 3794 flg.
1032 3724 1075 3778 ed.
1099 3724 1243 3792 Wyttenb.
1273 3741 1316 3777 er·
1425 3727 1426 3766 ἑ

143 3793 245 3861 cessi0;
264 3794 396 3849 ironisch.
753 3795 865 3849 kennen
878 3794 937 3863 vvir,
951 3794 1005 3850 wie
1020 3795 1066 3848 die
1081 3795 1194 3850 Stoiker
1208 3794 1316 3848 diesem

179 3871 221 3921 16.
244 3867 282 3920 act
304 3882 464 3934 prosperam
490 3895 524 3906 -
550 3866 701 3932 fortumm.
756 3865 896 3920 Dinwurfe
921 3867 1108 3937 begegneteu.
1156 3866 1202 3920 Sie
1228 3866 1316 3920 seben

142 3935 253 4005 Wegen
272 3937 348 3990 ad‘s.
368 3937 461 4002 z.l,1.
757 3937 812 3991 den
844 3936 924 3992 Staat
956 3954 991 3991 an
1024 3939 1066 3991 als
1099 3936 1161 3992 cine
1197 3939 1315 4006 πρᾶγμα

182 4013 222 4061 18.
241 4007 343 4073 iuquit,
362 4024 383 4061 s.
398 4025 419 4061 z.
435 4007 455 4073 Ι,
469 4012 527 4062 102.
757 4005 872 4076 συνεχὲς
908 4004 1001 4076 ὥσπερ
1039 4009 1122 4080 ζῷον,
1169 4008 1225 4062 und
1269 4007 1315 4060 die

180 4084 221 4132 19.
231 4093 332 4147 οιαμνια
341 4079 422 4146 culpe
433 4084 478 4132 est.
508 4077 588 4130 Naoh
604 4076 702 4132 diesen
756 4078 946 4134 menschliche
980 4079 1171 4134 Gesellschaft
1200 4079 1243 4132 als
1270 4078 1315 4132 ein
1425 4107 1426 4142 ι

143 4147 263 4203 Worten
288 4150 419 4202 erwartet
447 4164 513 4201 man
539 4147 621 4202 einen
649 4148 701 4204 Ge·
756 4145 901 4205 πολιτικὸν
916 4147 1050 4220 σύστημα,
1069 4150 1100 4204 in
1113 4150 1251 4204 walchem
1266 4149 1316 4203 der
1425 4161 1426 4168 ¹

143 4220 256 4274 danken
275 4219 341 4273 wie:
360 4220 558 4282 attrectantes,
580 4221 703 4289 aliquem
757 4219 881 4274 einzelne
918 4221 963 4274 ein
999 4220 1083 4276 Glied
1120 4221 1171 4276 des
1203 4220 1316 4276 Ganzen
1425 4277 1426 4280 ,

142 4293 243 4347 babeat
260 4293 466 4347 excusatiorem.
492 4291 627 4346 Derselbe
641 4291 704 4345 ltsst
756 4291 855 4346 bildet.
913 4292 977 4347 Wie
1012 4292 1104 4347 dieser
1139 4310 1197 4346 nun
1232 4292 1317 4346 nebst
1425 4301 1426 4356 t

144 4361 205 4416 sich
227 4362 332 4431 jedoch
359 4362 450 4417 leicht
474 4379 524 4416 aus
550 4362 614 4416 dem
639 4362 702 4417 Fol-
758 4363 855 4416 seinen
868 4362 1082 4418 Naehkommen
1096 4363 1191 4418 Anteil
1207 4379 1242 4416 au
1252 4363 1317 4416 dem
1425 4361 1426 4366 ’

143 4433 256 4502 genden
274 4438 419 4502 erg'anzen.
757 4432 850 4488 (luten
864 4434 926 4503 hat,
938 4435 1038 4488 dessen
1054 4435 1115 4489 sich
1131 4434 1177 4489 die
1188 4434 1316 4490 Gesamt-
