2838 4882
197 269 242 336 90
583 261 633 317 DE
652 259 805 318 NATURA
823 261 987 318 DEORUM.

198 451 306 514 sunm,
333 425 555 511 Metrodorus,
582 424 670 511 quod
697 399 838 491 dubitet
853 425 976 512 omnia,
1004 447 1087 512 quae
1110 426 1151 491 ed
1173 426 1307 492 heataru
1327 426 1363 492 ri

197 522 266 583 tam
302 515 503 604 pertineant,
538 518 652 580 ventre
688 513 812 600 metiri,
846 536 952 601 neque
987 514 1021 580 id
1054 515 1152 580 semel
1185 515 1282 600 dicit,
1318 515 1363 580 sed

197 605 337 693 saepius.
381 603 534 670 Adnuere
563 608 597 669 te
623 602 731 689 video;
762 607 842 670 note
869 603 956 669 enim
983 603 1047 669 tibi
1069 608 1159 690 suut3
1191 603 1362 690 proferrem

196 695 314 782 libros,
341 693 371 760 si
396 715 542 780 negares.
588 691 703 778 Neque
729 714 817 758 nuno
843 691 1044 778 reprehendo
1086 692 1173 779 quod
1195 692 1238 758 ad
1260 694 1362 778 volup·

198 788 301 850 tutem
325 782 434 848 omnia
456 781 640 848 referentur
662 779 741 868 (alia
763 786 815 848 est
837 803 876 848 ea
899 743 1075 869 queestioi,
1099 781 1155 848 sed
1174 781 1277 847 doceo
1297 782 1384 848 daoss

132 876 324 972 41vestros
352 893 423 938 esse
449 870 629 956 voluptatis
657 875 820 956 expertes,
846 871 895 936 ite
916 875 1026 937 vestro
1048 870 1169 936 iudicio
1191 893 1235 936 ne
1258 871 1363 938 beatos
1406 895 1407 948 l

136 999 188 1050 114
199 960 337 1048 quidem.
373 959 421 1026 At
443 959 555 1026 dolore
577 964 703 1026 vacent.
741 958 837 1025 Satin
859 964 910 1026 est
929 959 964 1026 id
982 960 1133 1026 odiham
1150 959 1364 1025 abundantem

198 1049 293 1116 bonis
315 1049 419 1116 vitem
441 1047 689 1115 beatissimam?
726 1045 773 1116 Oo
799 1047 873 1135 tet,
895 1049 1062 1135 inquiunt,
1085 1048 1218 1114 adudue
1239 1049 1364 1114 beetur

198 1162 270 1206 esse
292 1161 340 1226 se3
362 1138 463 1205 habet
486 1137 574 1204 enim
595 1137 679 1203 nihil
702 1137 770 1203 aliu
795 1188 804 1223 ‚
827 1137 915 1224 quod
936 1138 1042 1226 agitet
1064 1137 1101 1202 iu
1121 1142 1241 1204 mente.
1282 1136 1365 1204 Gom·

196 1228 360 1316 prehende
391 1228 496 1315 igitur
527 1225 636 1292 animo
669 1231 703 1292 et
733 1248 880 1314 propone
911 1232 987 1292 aute
1020 1227 1131 1294 oculos
1163 1227 1262 1292 deum
1290 1227 1365 1292 nihil
1379 1247 1407 1308 u

197 1317 286 1384 eliud
311 1318 348 1382 in
375 1317 465 1383 omni
492 1316 687 1384 aeternitate
713 1315 778 1381 nisi
796 1313 910 1380 ‘Mihi
934 1315 1096 1402 pulchre
1119 1317 1193 1382 est'
1219 1321 1253 1382 et
1273 1314 1364 1403 ‘Ego
1406 1317 1407 1360 i

134 1467 138 1476 .
197 1407 334 1472 heatus
358 1401 455 1472 sum’
481 1405 691 1492 cogitantem.
737 1403 808 1470 Neo
830 1409 942 1470 tamen
964 1405 1072 1491 video,
1095 1427 1160 1492 quo
1184 1405 1285 1471 modo
1306 1427 1365 1470 non

196 1498 348 1560 vereatur
375 1494 440 1560 iste
466 1494 545 1559 deus
573 1494 703 1582 beatus,
731 1515 773 1559 ne
799 1493 953 1580 intereat,
984 1516 1058 1560 cum
1087 1493 1156 1560 sine
1179 1494 1249 1559 ulle
1271 1493 1364 1560 inter·
1406 1528 1407 1578 χ

197 1583 353 1649 missione
370 1584 520 1668 pulsetur
537 1583 744 1670 agiteturque
762 1586 947 1648 atomorum
963 1583 1148 1649 incursione
1162 1583 1364 1668 sempiterna

198 1693 335 1758 cumque
365 1693 405 1738 ex
432 1671 506 1757 ipso
535 1671 695 1758 imagines
726 1693 853 1758 semper
883 1671 1037 1738 adfluunt.
1081 1671 1135 1737 Ita
1163 1693 1225 1738 uec
1254 1673 1362 1738 heatus
1377 1690 1407 1730 1⁵*

197 1765 249 1826 est
270 1765 378 1826 vester
401 1760 480 1826 deus
502 1783 562 1827 nec
585 1766 746 1828 aeternus.
1406 1769 1407 1772 ’

135 1860 188 1911 ¹15
286 1848 333 1914 At
356 1849 457 1916 etiem
478 1850 518 1915 de
542 1851 731 1936 sanctitate,
758 1850 799 1915 de
827 1850 952 1934 pietate
979 1850 1134 1915 adversus
1163 1849 1240 1915 deos
1269 1850 1364 1915 libros

580 1938 995 2094 quernae
1010 1939 1194 2093 siu
1207 1937 1365 2093 siis

197 2117 299 2204 dicas,
320 2139 390 2184 non
407 2139 495 2203 eum,
518 2118 575 2204 qui
594 2117 765 2183 sustulerit
783 2051 913 2183 hnhhem
931 2117 1079 2182 funditus
1098 2078 1294 2203 religionem
1311 2135 1394 2182 neou

234 2309 547 2378 ildetrodoruuatte.
563 2308 756 2379 Seineeignen
809 2315 853 2368 tor
874 2326 908 2366 ua
970 2310 1074 2366 tetrum
1097 2325 1124 2364 ee
1141 2325 1176 2365 oc
1193 2311 1303 2366 tectum
1318 2327 1364 2380 pu

197 2379 295 2436 Worte
313 2379 442 2435 erhalten
459 2381 493 2436 fr.
503 2380 543 2435 VI
557 2380 600 2436 ed.
610 2379 755 2452 Duening:
808 2387 886 2438 teret.
951 2397 991 2436 or.
1012 2382 1064 2436 sat.
1082 2380 1123 2451 II,
1138 2387 1170 2450 8,
1191 2385 1239 2436 18:
1253 2383 1364 2452 putctrt

195 2450 262 2520 περὶ
293 2447 416 2521 γαστέρα
446 2448 514 2522 γὰρ,
549 2443 570 2504 ω’
604 2450 755 2522 φυσιολόγε
808 2453 896 2522 suerit
913 2453 973 2508 titi.
1092 2492 1097 2504 .

199 2518 383 2592 Τιμόκρατες,
420 2519 452 2576 τὸ
487 2518 610 2593 ἀγαθόν.
661 2521 755 2578 'limo-
847 2528 889 2579 13.
907 2529 1033 2580 meatur
1055 2553 1089 2564 -
1112 2539 1147 2579 ut
1164 2523 1297 2592 intereat,
1316 2539 1364 2576 wo·

195 2593 293 2649 kretes
325 2592 406 2648 hatte
440 2591 501 2648 sich
534 2593 594 2649 also
626 2593 756 2664 dagegen
810 2594 899 2649 durch
913 2593 959 2648 die
975 2592 1115 2664 Seligkeit
1127 2593 1178 2650 der
1192 2593 1296 2649 Gotter
1309 2594 1366 2649 sehr

197 2665 351 2732 verwahrt,
378 2664 425 2720 die
443 2664 572 2735 gemeine
592 2663 756 2721 Sinnenlust
809 2665 1033 2735 beeintrtohtigt
1049 2665 1166 2720 werden
1183 2665 1291 2722 wurde.

197 2734 755 2804 aumldallstabedesiluteueumachum
845 2742 860 2803 ς
894 2743 945 2792 115
958 2743 1062 2791 -124,
1117 2738 1256 2791 Sohluis.
1307 2736 1365 2792 Die

195 2823 227 2862 er
241 2806 538 2863 soheintvielmehrin
548 2808 603 2862 dan
613 2807 756 2878 geistigeu
809 2807 942 2863 Lehren
960 2807 1108 2878 Epikurs
1135 2807 1211 2862 sind
1235 2807 1293 2862 fur
1318 2807 1365 2862 dia

198 2878 344 2933 Genussen
371 2878 418 2934 die
446 2878 546 2944 Quelle
574 2880 624 2934 der
651 2879 755 2935 Gldelr·
810 2877 975 2949 Religion
1015 2878 1248 2936 verderblioh.
1301 2879 1365 2934 Vor

197 2949 332 3017 seligkeit
349 2949 471 3005 erkannt
488 2967 522 3004 au
539 2949 641 3005 haben.
811 2949 925 3006 aeiuer
943 2948 1088 3021 eiganau
1106 2950 1363 3020 Frommiglreit

233 3022 337 3076 dubitet
360 3051 394 3062 -
416 3021 521 3089 metiri,
552 3021 606 3076 wia
639 3022 675 3076 ad
696 3022 755 3076 stt.
809 3021 940 3077 welche
972 3037 1006 3076 er
1038 3039 1096 3076 aur
1123 3020 1234 3076 Schau
1262 3023 1363 3092 trtgt

197 3091 230 3159 X,
242 3089 315 3158 ah:
335 3092 384 3161 put
400 3093 456 3162 iper?
474 3093 506 3146 iu
523 3098 648 3149 unctum
665 3094 757 3150 oeua're
809 3093 858 3148 ist
874 3092 973 3148 nicht
990 3091 1061 3147 viel
1079 3110 1117 3147 ru
1134 3092 1264 3148 hulten.

195 3163 368 3229 dubitarint,
382 3161 421 3216 ib.
436 3161 559 3231 x11‚sa:
578 3180 640 3219 cum
653 3165 758 3220 dubitet
849 3170 891 3220 17.
909 3165 948 3220 At
966 3165 1047 3220 etiam
1067 3167 1120 3219 eto.
1152 3163 1208 3218 Eiu
1226 3165 1365 3236 fingierter

198 3233 312 3289 &trtius
324 3234 495 3289 consulatum
505 3239 603 3303 petere.
628 3234 686 3289 Der
704 3234 757 3290 Inl.
810 3234 941 3290 Einuurf
957 3235 1007 3290 dea
1020 3234 1191 3305 Epikureers
1208 3253 1245 3305 ge
1267 3253 1305 3290 en
1318 3236 1365 3290 deu

196 3303 270 3359 nach
289 3304 353 3358 dem
376 3303 564 3384 affipmativen
582 3305 710 3361 dubitare
727 3305 757 3359 in
811 3306 842 3360 in
859 3305 910 3362 der
925 3306 1247 3376 vorhargahendenhua
1350 3322 1366 3374 g

196 3375 248 3429 der
272 3375 441 3445 Bedeutung
461 3371 627 3430 ‘Bedenken
647 3373 755 3446 tregen’
811 3377 995 3433 euthalteuen
1037 3379 1094 3432 und
1136 3377 1232 3446 gleich
1273 3375 1368 3433 darauf

197 3445 236 3500 ist
253 3446 352 3501 selten.
811 3447 906 3503 direlrt
923 3448 1187 3518 ausgesprochenau
1202 3448 1308 3505 Tedel:
1325 3465 1364 3504 au

232 3524 258 3573 t.
283 3519 336 3587 ito,
363 3516 393 3573 in
421 3517 472 3574 der
500 3515 758 3589 Sohlussfolgerung
810 3521 890 3576 stutit
916 3536 1020 3576 omnem
1045 3521 1176 3587 funditus
1202 3522 1364 3592 reta'pe'oueu.

191 3585 364 3645 ‘demnaoh’.
811 3591 864 3645 Die
874 3591 1003 3646 Antwort
1021 3590 1125 3646 darauf
1139 3590 1210 3646 wird
1230 3591 1364 3648 ebenfalls
1402 3647 1403 3650 ,

233 3668 257 3717 ’1.
276 3661 359 3718 Satiu
380 3687 408 3708 -
430 3678 498 3716 uum
523 3661 599 3716 satis.
637 3660 702 3731 Vgl.
721 3661 757 3716 de
811 3662 899 3717 durch
916 3663 955 3717 At
974 3661 1145 3732 eingeleitet.

195 3735 267 3788 orat.
281 3733 302 3802 Ι,
313 3738 378 3788 226:
398 3733 522 3788 Potestne
534 3732 623 3788 vinu
637 3732 758 3789 servire?
846 3732 1114 3804 detauctitate,usol
1124 3728 1277 3803 ὁσιότητος.
1288 3733 1364 3803 Diog,

194 3810 535 3956 “dinumeraret
558 3874 758 3958 Matiestoder
811 3803 1366 3946 Laserfhi'gohuucausueuusgezeichno

196 3961 318 4000 cotum
331 3946 386 3999 mit
402 3961 494 4000 eurem
508 3944 631 4000 Adverb.
646 3945 696 4000 hat
710 3947 757 4002 dre
811 3946 853 4001 als
871 3946 1006 4002 Ileldherr
1024 3947 1083 4002 und
1102 3947 1297 4016 Staatsmaun,
1322 3946 1366 4000 der
1401 3983 1402 3988 =

222 4015 365 4086 edeutuug
389 4011 456 4070 ‘mir
480 4016 549 4086 geht
573 4032 615 4084 es,
643 4015 690 4070 ioh
708 4017 756 4072 he·
811 4020 884 4073 erste
903 4017 1034 4074 Pontifex
1060 4018 1199 4073 maximus
1224 4019 1260 4072 de
1308 4017 1365 4073 leba

197 4085 272 4141 finde
290 4082 388 4141 mich'.
414 4087 459 4141 Ad
478 4086 566 4142 famil.
582 4087 656 4156 XVI,
667 4094 709 4158 22,
727 4096 755 4144 1:
809 4088 849 4143 im
871 4089 958 4144 Jahre
976 4095 1038 4146 252.
1074 4090 1114 4145 Er
1138 4090 1201 4160 galt
1227 4090 1270 4144 als
1288 4037 1365 4144 hieb-

196 4173 274 4227 epero
305 4174 339 4214 cu
369 4159 427 4214 tuis
457 4159 554 4214 litteris
581 4160 634 4215 titi
660 4161 757 4216 metius
810 4159 872 4231 ling
912 4160 962 4215 der
997 4159 1098 4216 Gotter
1138 4177 1238 4232 wegen
1280 4160 1366 4215 aeiner

196 4244 265 4298 essa·
283 4229 320 4284 ad
338 4230 397 4287 stt.
411 4229 489 4298 XIII,
505 4236 551 4299 62,
568 4236 596 4286 1:
614 4232 671 4299 suit
684 4234 757 4287 euim
809 4230 1364 4301 Frommigkeit(11,1es)undalslu-
1400 4227 1402 4338 A

193 4302 371 4372 periucunde.
390 4333 423 4342 -
437 4303 552 4372 potuer
565 4301 594 4356 in
614 4303 679 4356 dem
694 4302 757 4358 hier
810 4301 911 4358 torittt
923 4302 953 4357 in
966 4301 1120 4375 religitsen
1134 4302 1248 4374 Dingen
1262 4303 1322 4374 (III,
1333 4302 1364 4370 5).

196 4371 389 4442 gebrauchten
406 4372 492 4429 Sinna
510 4373 613 4443 gehort
626 4372 676 4428 der
690 4373 755 4428 Um·
846 4378 888 4430 19.
902 4375 934 4429 P.
947 4374 1060 4430 Mucius
1081 4373 1221 4443 Scaevola
1239 4372 1365 4430 Pontifex

196 4445 458 4515 gaugssprachean.
485 4444 517 4500 P.
527 4444 597 4500 Mur.
608 4451 656 4499 23:
670 4445 755 4500 Prae-
809 4461 881 4502 max.
896 4445 936 4499 im
953 4445 1040 4500 Jahre
1060 4451 1123 4514 131,
1145 4444 1310 4501 bedeutend
1328 4443 1365 4497 als
