2868 4878
193 288 236 354 νο
456 251 457 256 ‘
579 279 628 334 nn
648 277 801 334 aarum
820 257 984 335 unoaau.

194 445 258 513 Sed
285 449 323 511 tu
345 445 421 530 hoc,
448 443 596 529 physice,
623 464 690 507 non
712 442 816 528 videa,
844 465 943 528 quam
965 441 1085 508 blanda
1107 441 1318 508 conciliatrix
1341 446 1372 506 et

194 534 288 621 quasi
316 533 367 600 eui
395 533 440 598 sit
462 532 537 597 lena
558 531 699 597 natura?
744 530 799 596 An
820 536 917 615 putas
940 531 1042 597 ullam
1066 553 1137 596 esse
1159 535 1249 596 terra
1273 530 1371 595 mari·

193 647 255 711 que
284 624 427 706 beluam,
454 643 537 707 quae
564 643 631 685 non
658 620 710 686 sui
732 620 862 706 generis
884 620 981 686 belua
1003 620 1144 685 maxime
1167 619 1371 685 delectetur?

195 712 288 790 Quod
306 712 342 778 ni
360 711 409 776 ita
427 714 523 795 esset,
541 732 599 775 cur
615 731 683 775 non
702 709 841 795 gestiret
857 714 971 775 taurus
986 731 1087 795 equae
1101 708 1372 792 contrectatione,

194 822 295 887 equus
328 799 466 865 vaccae?
512 800 565 863 An
597 803 635 866 tu
667 799 811 884 aquilam
844 803 901 864 aut
926 799 1060 863 leonem
1092 801 1149 863 aut
1177 797 1398 883 delphinumr

193 890 295 955 ullam
318 888 480 955 anteferre
503 910 614 954 censes
637 886 777 975 figuram
800 887 900 953 auae?
948 887 1032 964 Quid
1055 887 1158 974 igitur
1180 887 1319 972 mirum,
1347 887 1373 951 si
1423 905 1424 916 ¹

194 978 257 1044 hoc
276 978 389 1044 eodem
407 977 505 1043 modo
522 976 649 1043 homini
665 981 785 1043 natura
802 977 1024 1062 praescripsit,
1044 981 1082 1042 ut
1099 975 1182 1041 nihil
1201 975 1373 1060 pulchrius

76 1067 78 1073 ’
194 1091 293 1153 quam
315 1067 481 1133 hominem
502 1071 649 1152 putaret,
672 1089 744 1131 eam
767 1088 838 1131 esse
859 1088 1004 1151 causam,
1027 1088 1084 1130 our
1103 1065 1180 1130 deos
1199 1065 1373 1130 hominum

195 1157 319 1222 similes
341 1156 553 1241 putaremus?
575 1159 582 1226 ἕ

160 1284 176 1333 g
286 1245 371 1322 Quid
398 1245 533 1311 aenaea?
566 1245 594 1310 si
621 1244 707 1310 ratio
736 1248 823 1308 esset
845 1244 880 1308 in
902 1243 1022 1328 beluis,
1050 1265 1118 1307 non
1141 1265 1200 1308 suo
1224 1265 1373 1328 quasque
1390 1264 1408 1303 a

12 1409 13 1418 .
132 1353 175 1418 28
195 1334 307 1422 generi
329 1335 508 1419 plurimum
531 1334 712 1399 tributuras
735 1331 860 1398 fuisse?
897 1331 944 1398 At
967 1331 1150 1398 mehercule
1169 1353 1230 1418 ego
1251 1329 1373 1418 (dicam

12 1461 13 1468 ν
195 1425 296 1509 enim,
325 1428 363 1488 ut
390 1420 512 1508 sentio)
540 1421 688 1508 quamvis
716 1443 823 1486 amem
849 1422 921 1507 ipse
948 1444 1014 1506 me,
1043 1425 1155 1486 tamen
1176 1442 1246 1485 non
1269 1420 1372 1486 audeo

195 1513 301 1577 dicere
324 1511 544 1596 pulchriorem
568 1533 638 1576 esse
657 1532 722 1596 me,
746 1533 844 1596 quam
862 1510 918 1576 ille
936 1510 1037 1575 fuerit
1054 1515 1183 1594 taurus,
1206 1509 1265 1594 qui
1284 1509 1373 1574 vexit

194 1600 370 1684 Europam.
411 1599 489 1666 Non
512 1600 599 1665 enim
621 1599 684 1664 hoc
707 1600 779 1664 loco
803 1600 842 1665 de
863 1599 1005 1686 ingeniis
1029 1602 1086 1664 aut
1108 1599 1147 1663 de
1166 1599 1372 1664 orationibus

193 1689 331 1774 nostris,
363 1689 420 1754 sed
452 1688 490 1753 de
523 1689 630 1774 specie
661 1689 831 1775 figuraque
864 1689 1039 1774 quaeritur.
1093 1687 1217 1763 Quodsi
1247 1687 1373 1776 fingere
1389 1709 1407 1749 a

194 1778 290 1844 nobis
314 1782 347 1844 et
370 1777 505 1864 iungere
527 1777 650 1844 formas
673 1778 825 1863 velimus,
848 1778 954 1863 qualis
975 1778 1031 1843 ille
1050 1777 1234 1842 maritimus
1255 1775 1374 1842 Triton

193 1867 356 1954 pingitur,
378 1867 569 1933 natantibus
589 1865 744 1933 invehens
763 1867 868 1932 beluis
887 1866 1049 1932 adiunctis
1068 1864 1211 1932 humano
1231 1866 1374 1950 corpori,

194 2113 236 2166 Im
257 2113 393 2168 erfectum
420 2113 497 2167 steht
523 2112 577 2168 mit
598 2111 756 2168 Rdolreicht
846 2118 889 2168 10.
919 2111 993 2183 Quid
1018 2110 1127 2167 aenaea?
1162 2111 1195 2164 In
1224 2110 1276 2166 der
1303 2110 1373 2166 Ver·
1423 2125 1424 2162 l

195 2131 308 2239 acidia
327 2184 400 2252 Zeit,
418 2183 449 2238 in
467 2183 591 2239 welcher
605 2183 683 2238 diere
697 2184 754 2238 An·
809 2181 937 2253 bindung
965 2183 1033 2254 qnid
1060 2181 1169 2238 anser?
1200 2181 1255 2237 mit
1285 2182 1373 2236 nach-

195 2255 270 2311 sicht
289 2255 429 2311 entstand.
808 2254 972 2324 folgendem
990 2254 1090 2309 Aecus.
1106 2270 1128 2309 c.
1140 2251 1193 2310 lnf.
1208 2253 1372 2323 dientpnid

231 2332 255 2380 1.
267 2327 389 2398 phyalae,
398 2323 536 2393 ironieoh,
550 2324 597 2379 bei
612 2325 676 2381 dem
689 2342 755 2380 man
809 2342 858 2380 aur
872 2324 1036 2394 Einleitung
1050 2325 1101 2379 der
1114 2325 1204 2394 Frage
1222 2325 1282 2378 und
1302 2324 1373 2378 wird

196 2395 754 2452 docheinesolcheErkenntnicvoraue·
809 2395 848 2450 im
866 2396 906 2452 fol
928 2396 1020 2451 enden
1030 2396 1120 2450 durch
1130 2395 1193 2451 eine
1203 2394 1371 2466 speciellerc

196 2469 291 2523 eetzen
306 2467 397 2522 sollte.
418 2465 471 2521 Die
485 2466 642 2537 Epikureer
655 2467 755 2523 theton
808 2467 899 2537 Frage
913 2485 972 2522 orm
1006 2466 1107 2522 wieder
1144 2466 1372 2538 aufgenommen.

196 2537 258 2593 sich
271 2538 424 2592 besondere
439 2537 491 2592 auf
501 2537 563 2592 ihre
577 2537 683 2608 Physik
697 2537 754 2594 viel
808 2537 835 2593 S.
857 2544 930 2605 §82
965 2557 993 2609 p.
1021 2537 1104 2594 Rosa.
1133 2539 1194 2594 Am.
1217 2543 1267 2592 49:
1299 2538 1374 2609 Quid

195 2626 230 2664 zu
248 2610 324 2680 gnte.
361 2608 627 2679 vgl.§ee;11‚4e.
808 2609 917 2666 amer?
943 2610 1016 2666 hano
1043 2611 1134 2680 ipsam
1161 2609 1294 2665 Raecim
1321 2625 1373 2679 qna

231 2687 257 2738 2.
275 2682 321 2737 eni
344 2682 381 2736 eit
408 2681 471 2736 lena
497 2685 610 2736 natura.
655 2680 754 2735 ladem
807 2682 900 2737 anaia
928 2697 983 2736 ecoe
1009 2683 1042 2736 in
1067 2681 1181 2736 reneca
1205 2679 1310 2736 retae?
1339 2679 1373 2734 de

192 2752 288 2823 jedem
323 2750 369 2807 die
404 2751 503 2821 eigene
539 2750 662 2820 (lestolt,
690 2769 753 2807 ver·
808 2752 997 2820 orat.III‚34:
1012 2753 1081 2822 qaid
1090 2750 1374 2820 wenerannus,

195 2822 309 2893 glichen
330 2822 384 2877 mit
409 2823 460 2877 der
481 2822 593 2878 Gertalt
617 2840 672 2879 von
699 2823 753 2878 Ge·
807 2824 857 2894 qni
873 2823 973 2892 nbtpne
995 2829 1063 2879 cunt
1084 2829 1217 2891 matera,
1243 2825 1375 2892 amplecti

196 2894 334 2976 schopfen
342 2894 571 2964 andererArten,
582 2895 624 2949 alc
635 2893 681 2949 die
691 2910 754 2949 vor·
807 2895 984 2962 colaerimus,
1003 2911 1095 2950 nonne
1111 2895 1171 2962 fore
1188 2900 1220 2950 nt
1238 2895 1293 2950 etc.

195 2965 355 3035 adglrohere
395 2964 549 3033 ersoheint,
583 2964 668 3021 wirbt
709 2964 755 3019 die
844 2981 977 3035 qnaepne,
992 2965 1140 3020 etmtliohe
1154 2963 1236 3020 Tiere
1248 2965 1279 3035 je
1294 2964 1373 3019 einer

195 3034 355 3090 natdrliche
399 3035 629 3092 Beechaffenheit
677 3035 755 3091 eines
809 3035 948 3105 Gattung,
969 3036 1088 3091 deehalb
1107 3035 1156 3090 der
1175 3035 1278 3091 Plural.

193 3106 288 3176 jeden,
307 3105 359 3160 wie
379 3105 442 3161 eine
455 3106 612 3178 Kupplerin
630 3108 676 3162 fdr
693 3107 755 3162 ihre
847 3113 888 3162 14.
912 3107 1073 3178 Europam,
1099 3107 1145 3162 die
1171 3107 1295 3162 Toehter
1323 3107 1372 3162 dee

195 3177 366 3245 Kreaturen,
385 3177 510 3232 furnich
529 3180 624 3235 eelbet.
829 3177 1014 3234 honicischen
1037 3177 1145 3248 Konige
1163 3180 1286 3248 Agenor,
1317 3195 1373 3233 von

232 3256 257 3305 8.
276 3251 616 3318 euoenon—delectetur.
631 3238 756 3303 ilhnlioh
809 3196 880 3304 iens
899 3249 929 3304 in
953 3249 1003 3305 der
1026 3249 1137 3305 Gestalt
1161 3249 1238 3304 aines
1265 3248 1373 3305 Stieree

197 3320 247 3374 der
259 3319 394 3376 Komiker
411 3319 596 3392 Epicharmus
614 3319 663 3375 bei
672 3318 755 3408 Diop.
809 3321 879 3375 uber
898 3320 948 3374 dcc
958 3321 1037 3376 Meer
1050 3321 1125 3376 nach
1135 3319 1218 3376 Creta
1234 3319 1373 3375 entfr'ihrt.

195 3391 287 3446 Laeta
314 3391 362 3461 ΙΙΙ,
387 3397 434 3447 162
466 3387 635 3462 θαυμαστὸν
668 3386 755 3445 adden
810 3390 870 3458 Or,
889 3391 1125 3462 Mec.11‚aaoflg.

196 3459 258 3518 ἐστί
280 3482 313 3533 με
345 3459 431 3518 ταῦθ’
461 3458 534 3517 οὕτω
563 3459 663 3532 λέγειν,
692 3457 756 3516 οὐδ’
846 3463 879 3518 de
897 3465 1070 3519 orationibus
1083 3463 1185 3519 noctric
1199 3457 1373 3517 ‘umuneere

195 3529 334 3590 dadolena
344 3531 472 3590 αὑτοῖσιν
483 3529 588 3596 αὐτοὺς
600 3532 648 3587 nal
658 3535 755 3587 δοκεῖν
810 3530 956 3604 Spraehe'.
983 3533 1040 3588 Der
1067 3534 1165 3588 Plural
1195 3549 1295 3603 wegen
1323 3533 1374 3588 des

195 3607 287 3670 καλῶς
309 3603 466 3676 πεφύκειν·
489 3602 539 3658 nal
562 3599 616 3674 γὰρ
636 3599 655 3658 ἃ
678 3601 754 3658 κύων
808 3604 1058 3674 vorausgehenden
1076 3606 1196 3676 inponite
1218 3603 1259 3658 inr
1282 3604 1373 3658 Inter-

196 3677 261 3734 κυνὶ
275 3675 420 3732 κάλλιστον
441 3672 519 3745 εἶμεν
538 3676 681 3744 φαίνεται,
705 3673 755 3728 nal
809 3691 870 3730 esse
890 3675 939 3730 der
957 3675 1150 3732 Konzinnitat.
1177 3675 1241 3744 vgl.
1257 3694 1285 3746 p.
1300 3674 1374 3730 Mur.

196 3750 264 3821 βοῦς
291 3749 350 3821 βοΐ,
378 3742 444 3809 ὄνος
471 3743 496 3800 δ’
524 3741 581 3819 ὄνῳ
608 3743 754 3801 κάλλιστόν
809 3753 840 3800 1:
855 3753 1002 3814 nlceslrae
1015 3755 1116 3805 mentes
1130 3764 1191 3803 oum
1200 3747 1304 3817 populi
1317 3747 1373 3803 Ro·

196 3816 279 3886 ἐσνιν,
294 3812 327 3881 ὥς
345 3813 419 3872 δ’ὑΐ,
807 3819 886 3873 mani
925 3820 1113 3874 voluntatibus
1150 3822 1188 3887 (=
1219 3819 1372 3887 voluntate)

232 3895 258 3946 8.
287 3905 337 3944 cnr
364 3917 398 3928 -
423 3892 586 3958 putaremur
613 3884 752 3943 ‘weshalb
807 3889 1000 3960 saffrapiieqne
1018 3891 1197 3946 emnemiant.
1234 3888 1304 3942 Zum
1318 3887 1372 3944 Go-

196 3959 248 4015 wir
265 3958 364 4012 halten
377 3954 531 4027 moohten’‚
550 3959 765 4030 Konjpotent.
809 3959 921 4014 danken
943 3979 964 4016 e.
981 3961 1018 4016 de
1040 3961 1085 4016 off.
1107 3962 1128 4030 Ι,
1147 3967 1195 4018 51:
1214 3965 1281 4017 sarit
1299 3962 1374 4015 enim

196 4031 248 4086 der
265 4027 502 4100 Vorgangenheit.
540 4029 605 4100 Vgl.
628 4049 656 4100 p.
671 4030 753 4088 Rosa.
808 4030 1373 4102 (bestiao)rationieetorationireaperter.

197 4109 247 4158 92:
280 4100 362 4156 Video
379 4102 467 4171 ipitnr
489 4117 588 4158 enneae
610 4118 665 4158 eece
689 4118 753 4172 per-
845 4107 898 4156 16.
913 4103 1010 4159 Triton
1037 4103 1084 4158 ein
1110 4103 1265 4174 Meergott,
1296 4103 1374 4157 nach

197 4174 312 4241 multae,
352 4189 422 4242 quae
457 4174 540 4229 ntum
577 4174 754 4244 impellerent,
808 4171 915 4229 Hesiod
935 4174 986 4229 der
1005 4174 1081 4229 Sohn
1105 4174 1154 4230 des
1173 4174 1291 4245 Neptun
1313 4174 1372 4228 und

193 4240 334 4310 ‘Grdnda
354 4242 400 4299 die
415 4243 465 4298 ihn
478 4243 645 4300 bestimmen
658 4245 754 4299 moch·
809 4243 859 4298 der
886 4245 939 4299 Am
960 4243 1067 4301 hitrite.
1105 4245 1142 4299 Er
1170 4244 1242 4299 wird
1270 4246 1372 4315 darge·

197 4312 263 4371 ten’.
309 4315 387 4371 Verr.
419 4315 467 4384 IV,
492 4323 538 4371 11:
570 4316 634 4372 Veri
667 4317 756 4370 cimela
810 4315 890 4370 atellt
926 4264 968 4370 ala
1005 4315 1068 4370 eine
1102 4316 1371 4386 Meneohengeatalt,

196 4404 253 4442 non
271 4393 323 4455 eet,
337 4393 370 4442 nt
387 4387 433 4442 ille
450 4388 578 4460 relipioni
595 4403 662 4444 anae
671 4402 754 4458 peon
811 4385 896 4441 deren
909 4389 1023 4442 unterer
1036 4386 1097 4442 Tell
1110 4386 1141 4442 in
1155 4387 1223 4442 zwei
1233 4385 1372 4459 Delphin·

195 4459 273 4513 niam
293 4463 473 4529 anteponeret.
811 4458 956 4512 eehwttnze
975 4458 1106 4516 ausltuft.
