2832 4870
432 302 500 359 ΜΒ.
515 303 562 359 111.
587 302 664 358 OAP.
681 310 757 359 r-s.
777 309 885 370 §rr-r.
1194 308 1257 374 189

74 468 185 534 nobili
209 490 308 554 quam
331 489 527 552 quemquam
549 466 731 551 principem
755 465 949 533 Stoicorum.
987 464 1132 552 Cumque
1152 468 1257 532 omnis

75 557 195 643 populi
218 556 361 622 Romani
383 556 500 642 religio
524 557 559 620 in
583 578 675 621 sacra
698 561 731 621 et
754 555 789 619 in
812 555 957 640 auspicia
980 555 1084 621 divisa
1107 555 1164 640 sit,
1192 560 1257 621 ter-

77 648 166 712 tium
193 645 384 711 adiunctum
411 645 468 730 sit,
496 645 525 710 si
553 645 630 730 quid
656 644 888 729 praedictionis
913 667 1010 710 causa
1033 667 1072 709 ex
1093 645 1257 729 portentis

77 741 112 802 et
131 735 290 801 monstris
307 733 451 820 Sibyllae
464 734 661 820 interpretes
676 735 904 819 haruspicesve
919 737 1124 819 monuerunt,
1141 732 1258 798 harum

42 845 143 912 sego
174 823 372 910 religionum
400 824 526 888 nullam
555 845 709 908 umquam
737 824 1007 888 contemnendam
1030 823 1143 907 putavi
1166 822 1259 886 mihi-

77 936 144 1000 que
164 913 213 978 ita
230 912 392 997 persuasi,
410 911 588 977 Romulum
606 910 774 996 auspiciis,
793 910 938 977 Numam
952 912 1053 978 sacris
1068 911 1258 977 constitutis

75 1003 295 1068 fundamenta
322 1001 437 1067 iecisse
459 1006 592 1066 nostrae
616 1000 773 1086 civitatis,
804 1023 886 1086 quae
908 1023 1087 1086 numquam
1109 999 1258 1085 profecto

78 1092 155 1158 sine
188 1113 315 1156 summa
346 1090 530 1175 placatione
559 1089 693 1155 deorum
719 1089 956 1155 immortalium
984 1094 1077 1155 tanta
1105 1112 1175 1154 esse
1202 1111 1259 1174 po·

76 1181 211 1246 tuisset.
251 1179 375 1264 Habes,
398 1178 514 1264 Balbe,
538 1179 615 1264 quid
635 1175 745 1263 Cotta,
769 1178 847 1264 quid
869 1177 1017 1263 pontifex
1041 1179 1176 1263 sentiat3
1205 1177 1294 1242 fact

32 1291 58 1330 ro
76 1292 171 1336 nunc
193 1291 255 1355 ego
277 1269 480 1354 intellegam,
503 1272 541 1332 tu
564 1268 642 1353 quid
665 1268 796 1333 sentias.
843 1266 874 1332 A
897 1272 930 1332 te
954 1268 1041 1333 enim
1061 1266 1259 1352 philosopho

77 1359 246 1424 rationem
275 1357 421 1442 accipere
450 1356 550 1422 debeo
581 1357 764 1444 religionis,
794 1357 972 1422 maioribus
1003 1360 1113 1422 autem
1134 1357 1259 1422 nostris

79 1447 184 1513 etiam
205 1446 297 1511 nulla
319 1446 446 1510 ratione
469 1446 596 1510 reddita
619 1445 756 1511 credere.
798 1445 882 1510 Tum
905 1445 1041 1511 Balbus:
1071 1444 1177 1521 Quam
1198 1445 1299 1532 igis

79 1542 138 1601 tur
161 1559 181 1600 a
204 1558 256 1600 me
278 1535 453 1620 rationem,
482 1534 603 1620 inquit,
634 1532 745 1619 Cotta,
776 1535 961 1600 desideras?
1007 1535 1052 1600 Et
1074 1535 1144 1599 ille:
1178 1532 1261 1610 Qua-

82 1625 271 1710 dripertita,
303 1624 424 1709 inquit,
456 1623 521 1689 fuit
548 1623 665 1689 divisio
693 1630 764 1710 tua,
795 1625 939 1709 primum
962 1628 999 1689 ut
1022 1625 1121 1690 velles
1146 1625 1260 1690 docere

33 1735 60 1776 15
80 1715 161 1778 deos
195 1736 279 1798 esse,
312 1713 426 1778 deinde
459 1714 570 1798 quales
604 1717 726 1798 essent,
759 1718 831 1779 tum
863 1715 904 1779 ab
936 1714 977 1779 iis
1001 1715 1158 1778 mundum
1180 1713 1260 1800 regi,

78 1803 250 1888 postremo
271 1803 438 1867 consulere
457 1825 512 1867 eos
531 1803 628 1867 rebus
647 1802 807 1867 humanis.
845 1802 948 1887 Haec,
967 1803 996 1867 si
1014 1808 1103 1868 recte
1117 1802 1260 1886 memini,

80 1891 220 1976 partitio
243 1890 316 1956 fuit.
374 1890 593 1977 Rectissume,
625 1891 734 1976 inquit
752 1891 888 1977 Balbus3
913 1891 969 1956 sed
992 1895 1158 1976 exspecto,
1182 1890 1260 1977 quid

82 2003 119 2045 re
143 2003 240 2049 arras.

121 2003 142 2065 q
174 2067 257 2134 Tum
282 2066 392 2134 Cotta:
422 2069 569 2134 Primum
593 2069 734 2155 quidque
756 2069 937 2154 videamus,
960 2068 1082 2153 inquit3
1106 2073 1152 2153 et,
1176 2068 1204 2132 si
1226 2067 1260 2132 id
1281 2082 1295 2132 i

33 2182 62 2221 aa
83 2163 136 2223 est
158 2159 314 2243 primum,
338 2159 425 2243 quod
446 2159 533 2224 inter
556 2173 667 2224 omnes
686 2158 752 2223 nisi
770 2159 944 2223 admodum
962 2157 1080 2242 impios
1101 2157 1261 2240 convenit,

83 2247 167 2312 mihi
190 2247 321 2332 quidem
344 2270 383 2311 ex
405 2247 513 2312 animo
538 2248 629 2313 emrri
650 2270 718 2312 non
740 2251 862 2332 potest,
887 2270 956 2312 esse
980 2247 1071 2331 deos,
1094 2246 1127 2310 id
1151 2249 1262 2310 tamen

83 2338 207 2421 ipsum,
241 2337 327 2422 quod
359 2335 441 2400 mihi
473 2359 665 2422 persuasum
697 2341 748 2402 est
778 2337 974 2402 auctoritate
997 2335 1171 2419 maiorum,
1205 2357 1261 2400 cur

82 2427 134 2490 ita
161 2425 220 2510 sit,
248 2424 332 2490 nihil
359 2429 396 2490 tu
420 2447 471 2490 me
495 2427 599 2491 doces.
647 2425 732 2502 Quid
755 2430 818 2511 est,
848 2425 957 2510 inquit
979 2423 1116 2510 Balbus,
1147 2424 1176 2489 si
1199 2424 1261 2488 tibi

83 2536 278 2599 persuasum
303 2518 365 2598 est,
390 2536 446 2579 cur
469 2537 489 2579 a
511 2537 563 2580 me
586 2515 666 2581 velis
691 2514 837 2580 discere?
876 2515 960 2579 Tum
975 2513 1084 2580 Cotta:
1116 2511 1200 2589 Quia
1214 2513 1261 2578 sic

35 2626 63 2667 es
84 2603 272 2690 adgredior,
295 2603 417 2689 inquit,
440 2603 480 2668 ad
497 2603 583 2670 hanc
602 2604 871 2690 disputationem,
893 2603 986 2689 quasi
1004 2603 1088 2667 nihil
1106 2625 1262 2687 umquam

124 2854 147 2902 1.
172 2849 262 2903 amuis
294 2879 328 2889 -
361 2850 458 2920 relipio
490 2881 524 2890 —
557 2851 647 2906 diuisa
702 2849 794 2904 dieser
822 2848 1083 2918 Autoritiltsglaube
1116 2847 1170 2902 mit
1197 2847 1261 2902 dem

83 2922 122 2975 sit
141 2922 195 2974 eto.
219 2919 282 2989 Vgl.
304 2920 346 2974 De
365 2921 477 2990 harusp.
499 2938 571 2990 resp.
599 2927 646 2976 18:
701 2919 953 2991 philosophischen
977 2917 1180 2990 Skepticismus
1211 2919 1260 2974 des
1300 2983 1305 2988 q

84 2992 234 3062 (aalma)
267 2998 353 3047 statas
379 2993 558 3062 solemnesque
584 2993 647 3048 reli·
702 2991 786 3046 bona
799 2991 946 3046 vereinbar
960 2991 1005 3055 ist,
1026 2991 1108 3044 datur
1123 2990 1195 3044 wird
1209 3007 1261 3044 uns

84 3064 180 3134 pianes
199 3065 237 3130 (=
250 3069 343 3130 saera)
358 3065 538 3133 pontificatu,
556 3080 648 3118 rerum
702 3062 748 3116 die
767 3064 897 3117 Antwort
915 3061 1046 3132 schuldig
1064 3062 1225 3133 geblieben.

87 3137 152 3190 bene
169 3135 350 3204 parandarum
364 3136 540 3190 auctoritates
560 3152 647 3206 aupu-
739 3159 781 3208 13,
802 3153 1023 3223 Quadripertita,
1042 3170 1063 3207 s,
1078 3151 1149 3220 11,3‚

85 3207 147 3272 rio,
171 3208 294 3273 tutorum
323 3212 420 3260 netues
446 3207 648 3275 praedictiones
738 3247 753 3308 ὅ
788 3247 882 3298 7—19,
935 3244 1046 3295 mter
1082 3243 1262 3305 Haupttefl·

85 3277 649 3420 stiltitltlttluttlttil
702 3315 1263 3450 ffigdsfqrigssphgqsffipwpgg

85 3425 490 3559 sumerseta,
510 3509 531 3546 ε’
546 3491 611 3561 n
625 3499 648 3546 ⁷·
703 3460 880 3582 tirsus
907 3455 1263 3581 urrunsa

124 3567 149 3614 4.
164 3560 285 3632 Sibyllae
299 3563 465 3632 interpretes,
477 3561 523 3617 die
536 3565 649 3632 quinde—
704 3599 736 3652 d·
777 3598 860 3653 (Μ

86 3633 198 3688 cinroiri
215 3635 303 3687 sacris
325 3635 475 3702 faciundis.
510 3633 649 3704 s.11,1o
704 3616 763 3724 ᾶίθθ
799 3616 857 3724 S⁰to

87 3723 111 3759 a.
130 3721 164 3758 en
182 3703 327 3774 Sibyllinis
340 3705 594 3761 vaticinationibus.

125 3781 150 3830 6,
169 3775 318 3831 Romulum
337 3777 477 3847 auspiciis.
521 3777 562 3832 De
580 3795 603 3831 r.
621 3796 649 3848 p.

865 3615 900 3654 er
919 3614 953 3652 so
973 3596 1176 3665 allgemein,
1201 3595 1262 3650 wie

863 3669 939 3724 iker
972 3668 1186 3736 behaupten‚
1227 3684 1262 3722 so

704 3741 781 3796 sind
804 3739 858 3795 die
877 3739 1025 3806 (triade,
1052 3738 1181 3793 welche
1208 3737 1262 3792 die

87 3846 127 3972 {t
137 3847 650 3976 incursarentur
703 3809 1263 3953 taitrslttltiliius?

86 3977 591 4131 eppa-,prgqeppe-pipi
602 3998 649 4117 p,-
703 3953 1264 4096 irruitur,trituratur

87 4132 322 4201 vorhergehende
376 4133 549 4203 Erbrterung
603 4151 648 4187 au·
741 4122 782 4171 19·
801 4115 928 4170 Primum
946 4115 1075 4184 quidque,
1100 4131 1121 4168 Β·
1142 4132 1165 4168 2·
1184 4114 1204 4181 1,
1221 4120 1262 4167 77·

88 4201 332 4258 sammenfasscnd
355 4205 412 4257 und
438 4203 647 4259 abschliellend.
739 4210 782 4258 21.
801 4205 870 4258 mibi
888 4204 1009 4274 quidem,
1028 4202 1192 4272 Asyndeton
1214 4201 1263 4254 ad·

87 4273 126 4328 Es
153 4273 228 4342 folgt
253 4275 356 4328 darauf
378 4276 569 4346 gewbhnlich,
598 4275 648 4330 wie
703 4273 885 4328 versativum.

87 4344 164 4408 hier,
189 4344 236 4400 dis
258 4345 470 4417 Anktindigung
493 4348 541 4402 des
558 4362 650 4402 neuen
739 4348 834 4413 eunri,
862 4345 908 4399 die
938 4344 1087 4415 Metapher
1115 4341 1154 4396 ist
1185 4340 1265 4398 nicht

85 4416 218 4471 Themas.
703 4416 813 4470 hiihner
828 4416 869 4470 als
884 4419 951 4488 tapes
965 4417 1053 4471 alicui
1062 4417 1172 4470 inurere
1186 4409 1264 4484 ‘jem

127 4493 170 4542 12.
193 4488 273 4543 nulla
300 4490 407 4545 ratione
433 4490 548 4546 reddita.
586 4487 650 4544 Wie
704 4486 821 4543 Geretae
841 4484 1028 4556 auldrbugen’
1048 4504 1075 4556 p.
1090 4485 1150 4540 Mil.
1171 4492 1213 4541 33.
