2852 4864
409 269 888 340 LIB.1.0AP.30‚31.§83-sse.
1197 279 1239 344 75

49 441 159 521 atque
187 433 296 518 ipsum
325 433 389 499 sibi
417 433 601 518 displicere!
647 433 701 500 An
730 439 767 500 tu
795 436 860 501 mei
884 436 1025 502 similem
1046 442 1143 522 putas
1168 461 1237 505 esse

49 529 115 590 aut
139 522 190 589 tui
213 521 331 588 deum?
367 521 520 588 Profecto
543 546 611 590 non
632 529 740 609 putas.
777 523 861 601 Quid
882 526 984 612 ergo?
1010 527 1113 592 solem
1132 527 1237 594 dioam

49 617 114 679 aut
143 613 255 677 lunam
279 616 337 677 aut
359 611 485 677 eaelum
507 612 626 678 deum?
671 613 762 701 Ergo
786 614 886 678 etiam
909 615 1064 680 beatum?
1112 615 1236 692 Quibus

48 702 223 768 fruentem
248 700 498 786 voluptatibus?
543 701 589 767 Et
619 703 823 788 sapientem?
871 702 934 779 Qui
963 709 1174 790 potestesse
1202 705 1237 770 in

13 792 128 856 seius
161 789 251 856 modi
282 794 400 856 trunoo
432 791 617 875 sapientia?
662 791 754 858 Haeo
784 796 895 858 vestra
926 798 1011 858 sunt.
1065 792 1101 859 Si
1133 794 1237 881 igitur
1255 805 1289 856 85

50 903 117 946 nee
140 879 284 945 humano
307 900 430 962 corpore
447 885 521 945 suni
538 882 585 964 eli,
608 879 695 966 quod
714 881 822 966 docui,
844 903 905 947 nee
923 882 984 946 tali
1002 882 1126 969 aliquo,
1150 883 1236 969 quod

50 968 120 1034 tibi
143 968 193 1034 ita
214 990 407 1053 persuasum
429 974 493 1054 est,
521 968 599 1054 quid
622 969 752 1035 dubitas
775 992 896 1057 negare
919 971 996 1037 deos
1020 971 1113 1038 esse?
1158 971 1237 1038 Non

52 1057 166 1123 audes.
219 1055 392 1142 Sapienter
427 1058 461 1122 id
498 1058 642 1144 quidem,
679 1059 742 1124 etsi
778 1059 841 1125 hee
875 1060 947 1126 loeo
978 1082 1047 1126 non
1077 1061 1235 1147 populum

51 1146 192 1231 metuis,
222 1147 279 1211 sed
307 1146 398 1231 ipsos
429 1147 515 1213 deos.
566 1146 654 1213 Novi
684 1169 746 1234 ego
776 1148 955 1233 Epicureos
987 1149 1097 1215 omnia
1125 1150 1236 1237 sigilla

10 1253 32 1296 ιο
51 1239 265 1321 venerantem
298 1257 496 1321 quamquam
518 1236 612 1302 video
634 1257 703 1302 non
724 1238 823 1303 nullis
847 1238 951 1304 videri
973 1238 1166 1324 Epicurum,
1194 1261 1235 1305 ne

51 1326 91 1389 in
120 1325 334 1391 offensionem
361 1322 614 1391 Atheniensium
642 1326 785 1412 caderet,
812 1327 920 1392 uerbis
948 1327 1120 1413 reliquisse
1148 1328 1236 1414 deos,

52 1436 90 1478 re
122 1413 306 1480 sustulisse.
350 1413 466 1499 Itaque
496 1415 531 1479 in
559 1414 626 1480 illis
657 1415 786 1481 selectis
817 1415 886 1480 eius
917 1416 1135 1502 brevibusque
1165 1439 1236 1483 sen-

52 1502 187 1587 tentiis,
217 1525 297 1588 quas
321 1503 494 1587 appellatis
517 1506 632 1587 κυρίας
655 1501 769 1591 δόξας,
796 1504 890 1590 haee,
913 1509 951 1570 ut
975 1505 1105 1591 opinor,
1127 1507 1234 1590 prima

53 1591 223 1657 sententia
253 1596 315 1656 est:
344 1589 470 1667 ‘Quod
500 1592 655 1658 beatum
685 1597 723 1660 et
750 1593 970 1660 immortale
998 1599 1070 1680 est,
1100 1595 1138 1660 id
1164 1617 1234 1660 neo

10 1699 32 1742 n
51 1680 176 1746 habet
202 1701 270 1745 neo
298 1680 458 1746 exhibet
486 1681 665 1766 cuiquam
691 1678 919 1769 negotium’.
965 1682 1006 1748 In
1027 1683 1090 1748 hae
1112 1685 1160 1749 ita
1183 1706 1235 1749 ex·
1253 1685 1294 1750 31

52 1769 166 1854 posita
194 1769 357 1834 sententia
384 1775 461 1835 sunt
485 1770 541 1855 qui
564 1771 766 1856 existiment,
794 1771 881 1857 quod
904 1771 959 1836 ille
982 1773 1114 1837 inscitia
1136 1773 1234 1857 plane

52 1857 212 1943 loquendi
241 1856 378 1943 fecerat,
407 1858 525 1923 fecisse
555 1859 719 1944 eonsult03
752 1860 791 1924 de
818 1860 950 1925 homine
978 1861 1113 1925 minime
1140 1861 1232 1927 vafro

53 1946 141 2012 male
165 1946 363 2012 existimant.
405 1946 552 2012 Dubium
574 1952 625 2012 est
648 1948 748 2031 enim,
770 1951 882 2012 utrum
905 1948 992 2014 dieat
1015 1949 1138 2033 aliquid
1161 1962 1286 2015 essese

52 2036 191 2102 beatum
210 2040 244 2100 et
261 2035 461 2120 immortale,
485 2057 540 2120 an,
564 2035 592 2100 si
612 2036 690 2121 quid
709 2035 761 2101 sit.
802 2035 880 2100 Non
898 2036 1161 2103 animadvertunt
1178 2036 1234 2104 hie

10 2143 33 2186 eo
54 2147 132 2190 eum
154 2124 307 2210 ambigue
330 2125 477 2189 locutum
501 2146 584 2209 esse,
611 2123 667 2189 sed
690 2123 802 2190 multis
827 2124 900 2190 aliis
923 2125 1004 2190 loeis
1028 2126 1177 2191 stillum
1200 2132 1233 2193 et

53 2213 283 2279 Metrodorum
309 2216 379 2277 tam
406 2217 518 2298 aperte
544 2235 641 2298 quam
663 2213 762 2298 paulo
786 2217 862 2279 ante
885 2218 927 2281 te.
972 2212 1032 2279 llle
1055 2237 1132 2280 vero
1155 2215 1232 2282 deos
1315 2263 1319 2268 -

95 2393 118 2442 1.
133 2388 189 2443 arbi
209 2387 368 2458 displicere!
394 2387 461 2441 Man
483 2389 616 2443 erwartet
706 2393 731 2442 8.
758 2390 807 2444 boe
832 2389 898 2457 loeo,
924 2403 968 2444 wo
994 2388 1047 2443 wir
1071 2392 1154 2445 unter
1179 2405 1232 2446 uns

54 2458 231 2526 iibi;-duroh
249 2459 305 2514 sibi
323 2457 394 2512 wird
413 2457 463 2512 der
481 2457 616 2514 Gedauke
671 2458 742 2514 sind.

54 2528 311 2600 verallgemeinert.
347 2529 383 2583 So
403 2529 474 2584 wird
493 2529 542 2584 das
561 2530 615 2585 Re·
707 2535 748 2585 12.
773 2531 878 2600 Itaque.
921 2529 1005 2584 Diesa
1031 2531 1158 2587 Partikel
1182 2548 1230 2604 ge·

54 2601 297 2672 flexivpronomen
337 2600 409 2654 auch
452 2601 525 2656 ohne
564 2602 615 2656 Be·
669 2601 736 2656 hort
750 2601 906 2671 eigentlieh
924 2620 958 2655 zu
976 2601 1041 2656 dem
1058 2602 1112 2657 mit
1125 2604 1164 2658 In
1181 2605 1233 2659 tae

56 2672 179 2742 aiehung
211 2672 262 2727 auf
289 2671 336 2726 ein
370 2672 616 2742 vorhergehendes
670 2675 712 2726 ita
730 2675 853 2742 exposita
875 2675 1010 2728 sententia
1032 2673 1232 2742 beginnenden

57 2742 178 2814 Subjekt
197 2743 267 2797 dazu
283 2743 453 2813 gebraucht,
472 2760 518 2796 um
533 2759 617 2798 unser
670 2742 838 2810 Gedanken‚
858 2743 923 2797 dem
936 2743 986 2796 der
999 2744 1231 2814 vorhergehende

57 2810 615 2882 deutsches‘man,einer’auszudrdeken.
671 2813 737 2868 Sata
778 2813 999 2884 untergeordnet
1040 2814 1101 2868 sein
1138 2816 1231 2872 sollte.

56 2885 385 2955 Vgl.lll,88=aseipso,
403 2885 615 2955 Aead.1‚4,1o:
670 2884 752 2939 Denn
778 2903 832 2938 nur
860 2885 950 2939 dureh
978 2884 1036 2953 die,
1066 2885 1119 2941 wie
1148 2885 1232 2942 eolre

56 2959 124 3012 haee
145 2962 183 3012 eat
201 2973 260 3012 urea
278 2958 367 3011 omnis
384 2957 536 3026 sapientia,
559 2973 617 3012 nora
670 2955 770 3025 meiat,
792 2955 980 3010 absiehtliohe
994 2955 1231 3027 Zweideutiglreit

57 3027 206 3095 arbitrari,
237 3042 264 3082 se
292 3028 375 3094 seire,
404 3029 476 3096 quod
504 3028 615 3083 nadal.
670 3026 791 3098 Epikurs
818 3027 896 3082 kann
924 3027 973 3081 der
1001 3027 1067 3082 Sata
1092 3028 1232 3100 best'atigt

57 3097 112 3153 Ei'n
148 3095 294 3152 thnlioher
324 3097 455 3152 Weehsel
491 3097 544 3152 wie
581 3114 618 3152 an
670 3098 796 3167 werden,
825 3099 913 3173 verbis
939 3099 1080 3168 reliquisse
1102 3101 1178 3169 deos,
1201 3117 1232 3157 re

58 3184 173 3224 unserer
197 3168 285 3223 Stella
313 3168 402 3223 findet
429 3168 490 3223 sich
518 3175 616 3235 §1222
670 3170 819 3225 sustulisse.
871 3169 1010 3224 Ahnliohe
1047 3170 1229 3241 Naehlassig-

58 3241 211 3298 utilitatum
228 3255 352 3295 suarum.
669 3240 767 3295 keiten
777 3241 828 3296 der
841 3239 1014 3297 Dietionbei
1027 3242 1120 3312 itaque
1132 3243 1228 3299 finden

96 3317 119 3365 2.
145 3311 226 3367 solem
239 3312 331 3366 diuam
354 3313 407 3367 ete.
438 3310 615 3366 zusammen·
669 3311 731 3366 sich
744 3311 824 3366 Tuse.
839 3312 873 3381 ΙΙ,
884 3318 928 3379 62,
947 3312 982 3367 de
1001 3315 1071 3368 orat.
1087 3315 1121 3381 ll,
1132 3319 1193 3370 21⁷.

59 3383 146 3451 hang:
165 3381 208 3436 Da
226 3381 277 3436 wir
295 3382 419 3451 geseheu
432 3382 538 3451 haben,
559 3382 615 3437 dall
706 3388 748 3438 13.
768 3385 868 3454 κυρίας
886 3380 986 3453 δόξας,
1006 3402 1027 3439 s.
1042 3390 1132 3452 §S43;
1151 3391 1194 3441 45.

60 3453 107 3508 die
124 3451 223 3508 Getter
244 3452 325 3507 nieht
347 3453 615 3509 menschenthnlich
707 3459 748 3508 16.
767 3455 881 3510 tesedia
890 3457 976 3524 pleae
990 3457 1124 3525 loquendi.
1153 3455 1231 3510 Statt

61 3523 134 3592 siud,
158 3540 188 3578 so
210 3523 303 3578 bleibt
319 3542 373 3578 nur
390 3525 464 3579 noch
483 3525 533 3579 der
551 3524 615 3580 eine
671 3525 750 3596 Quod
768 3527 875 3580 beatum
894 3533 918 3582 el
933 3527 1085 3582 immortale
1098 3532 1136 3582 est
1150 3527 1230 3581 hetta

62 3598 179 3664 Ausweg
203 3595 299 3665 abug,
326 3593 419 3650 Sonne
444 3595 503 3649 unel
528 3596 615 3650 Mond
670 3612 701 3650 er
719 3595 833 3650 einfaeh
850 3597 916 3652 deas
935 3612 1022 3666 sapen
1042 3597 1144 3664 sollen,
1164 3595 1230 3651 weil

61 3666 106 3720 fiir
129 3665 227 3722 Gdtter
253 3684 288 3720 zu
314 3665 420 3722 halten.
465 3667 541 3722 Aber
566 3667 615 3722 da·
670 3684 736 3722 man
755 3665 852 3721 diesen
868 3666 932 3722 Sata
951 3668 1025 3722 aueh
1047 3666 1231 3722 kondieional

61 3753 151 3807 gagen
162 3736 306 3792 verwahrt
318 3736 364 3791 ihr
375 3737 530 3808 Epikureer
544 3739 616 3794 euch
670 3737 813 3792 suffassen
831 3738 915 3793 kann.

61 3807 114 3863 mit
131 3808 184 3862 den
202 3807 364 3863 bekannteu
381 3809 614 3880 Schlagwbrtern.
706 3816 748 3864 21.
772 3810 946 3865 Metrodorus
971 3825 1020 3863 aus
1046 3807 1228 3881 Lampsakus,

63 3878 113 3934 Die
130 3879 239 3934 Worte:
258 3879 335 3950 Erpa
353 3881 435 3935 eliam
454 3883 561 3937 beatum
581 3912 615 3922 —
670 3879 720 3934 der
737 3879 998 3950 Lieblingssehuler
1015 3879 1145 3951 Epikurs.
1164 3880 1228 3950 Vgl.

62 3949 215 4020 supientia?
234 3948 297 4005 sind
323 3950 384 4005 also
402 3951 442 4005 im
462 3950 545 4006 Sinna
565 3952 615 4007 des
669 3952 1230 4024 §1132Epieurieollepaeepieeliaeund

64 4021 184 4077 Velleius
210 4022 387 4093 gesproehen
411 4023 500 4094 (Haeo
525 4029 615 4080 vestra
670 4022 705 4076 de
723 4022 769 4078 fin.
785 4024 820 4089 ll,
831 4028 878 4077 92:
893 4039 983 4092 poene
996 4024 1066 4080 alter
1079 4024 1230 4095 Epirum.

63 4097 144 4162 amb.
669 4092 735 4148 Von
760 4092 857 4148 seinen
882 4094 1060 4150 zahlreiehen
1088 4095 1231 4151 Schriften

99 4170 122 4221 t.
139 4164 310 4232 lraneo,der
318 4163 430 4234 Rumpf,
442 4164 506 4220 dem
518 4164 617 4236 Haupt
671 4163 734 4219 sind
752 4183 806 4220 nur
834 4164 973 4236 sp'arliehe
991 4166 1160 4238 Fragmenta
1188 4183 1231 4221 er·

65 4235 119 4289 und
135 4234 248 4290 Glieder
264 4235 368 4304 fehlen
387 4235 446 4289 und
464 4236 528 4290 dem
553 4237 615 4291 des·
670 4235 776 4291 holten.

66 4305 129 4360 helb
146 4305 248 4362 Gefiihl
267 4307 325 4361 und
340 4307 481 4362 Verstand
499 4308 615 4377 abgeht.
705 4325 788 4377 qaam
802 4309 890 4378 paulo
915 4314 980 4364 aule
1002 4315 1028 4364 te
1051 4309 1122 4362 statt
1143 4307 1231 4377 paulo

100 4383 122 4433 6.
147 4377 200 4433 lali
230 4379 336 4447 aliquo,
368 4377 421 4432 mit
446 4379 541 4449 Bezug
569 4379 620 4434 auf
670 4385 735 4434 arte
752 4386 784 4436 tu
803 4380 962 4435 soleratas
980 4395 1015 4434 es.
1041 4377 1094 4432 Die
1113 4375 1229 4456 Attrah-

67 4449 140 4506 eolem
156 4449 248 4506 dicem
263 4480 296 4491 -
314 4449 401 4505 deam.
670 4447 732 4503 tion
750 4449 815 4504 tritt
834 4448 888 4517 ein,
916 4448 1010 4502 indem
1039 4446 1112 4500 auch
1140 4446 1233 4500 dieser
