<?xml version="1.0" encoding="UTF-8"?>
<!DOCTYPE html PUBLIC "-//W3C//DTD XHTML 1.0 Transitional//EN"
    "http://www.w3.org/TR/xhtml1/DTD/xhtml1-transitional.dtd">
<html xmlns="http://www.w3.org/1999/xhtml" xml:lang="en" lang="en">
 <head>
  <title>
</title>
<meta http-equiv="Content-Type" content="text/html;charset=utf-8" />
  <meta name='ocr-system' content='tesseract 3.04.00' />
  <meta name='ocr-capabilities' content='ocr_page ocr_carea ocr_par ocr_line ocrx_word'/>
</head>
<body>
  <div class='ocr_page' id='page_1' title='image "./mtulliiciceroni02goetgoog/mtulliiciceroni02goetgoog_0206.png"; bbox 0 0 2854 4864; ppageno 0'>
   <div class='ocr_carea' id='block_1_1' title="bbox 212 250 999 326">
    <p class='ocr_par' dir='ltr' id='par_1_1' title="bbox 212 250 999 326">
     <span class='ocr_line' id='line_1_1' title="bbox 212 250 999 326; baseline -0.025 1"><span class='ocrx_word' id='word_1_1' title='bbox 212 259 276 326; x_wconf 87' lang='grc'>196</span> <span class='ocrx_word' id='word_1_2' title='bbox 591 250 641 306; x_wconf 78' lang='grc' dir='ltr'>ΒΕ</span> <span class='ocrx_word' id='word_1_3' title='bbox 660 250 817 306; x_wconf 77' lang='lat' dir='ltr'><strong>NATURA</strong></span> <span class='ocrx_word' id='word_1_4' title='bbox 834 250 999 307; x_wconf 80' lang='lat' dir='ltr'><strong>DEORUM.</strong></span> 
     </span>
    </p>
   </div>
   <div class='ocr_carea' id='block_1_2' title="bbox 156 412 1414 2451">
    <p class='ocr_par' dir='ltr' id='par_1_2' title="bbox 156 412 1414 2451">
     <span class='ocr_line' id='line_1_2' title="bbox 156 412 1378 502; baseline 0.002 -24"><span class='ocrx_word' id='word_1_5' title='bbox 156 430 192 480; x_wconf 81' lang='lat' dir='ltr'>ao</span> <span class='ocrx_word' id='word_1_6' title='bbox 300 416 445 502; x_wconf 89' lang='lat' dir='ltr'>Optime,</span> <span class='ocrx_word' id='word_1_7' title='bbox 468 415 576 501; x_wconf 89' lang='lat' dir='ltr'>inquit</span> <span class='ocrx_word' id='word_1_8' title='bbox 590 412 697 481; x_wconf 82' lang='lat' dir='ltr'>Cotta.</span> <span class='ocrx_word' id='word_1_9' title='bbox 734 414 851 500; x_wconf 86' lang='lat' dir='ltr'>Itaque</span> <span class='ocrx_word' id='word_1_10' title='bbox 870 414 1026 500; x_wconf 87' lang='lat' dir='ltr'>quoniam</span> <span class='ocrx_word' id='word_1_11' title='bbox 1044 419 1202 500; x_wconf 90' lang='lat' dir='ltr'>quattuor</span> <span class='ocrx_word' id='word_1_12' title='bbox 1218 415 1253 479; x_wconf 92' lang='lat' dir='ltr'>in</span> <span class='ocrx_word' id='word_1_13' title='bbox 1272 419 1378 499; x_wconf 86' lang='lat' dir='ltr'>partes</span> 
     </span>
     <span class='ocr_line' id='line_1_3' title="bbox 211 503 1379 590; baseline -0.005 -17"><span class='ocrx_word' id='word_1_14' title='bbox 211 511 316 574; x_wconf 85' lang='lat' dir='ltr'>totam</span> <span class='ocrx_word' id='word_1_15' title='bbox 331 505 556 590; x_wconf 86' lang='lat' dir='ltr'>quaestionem</span> <span class='ocrx_word' id='word_1_16' title='bbox 570 503 713 569; x_wconf 84' lang='lat' dir='ltr'>divisisti</span> <span class='ocrx_word' id='word_1_17' title='bbox 727 503 766 568; x_wconf 92' lang='lat' dir='ltr'>de</span> <span class='ocrx_word' id='word_1_18' title='bbox 780 503 949 588; x_wconf 90' lang='lat' dir='ltr'>primaque</span> <span class='ocrx_word' id='word_1_19' title='bbox 967 503 1122 588; x_wconf 78' lang='lat' dir='ltr'><strong>diximus,</strong></span> <span class='ocrx_word' id='word_1_20' title='bbox 1142 503 1379 569; x_wconf 81' lang='lat' dir='ltr'><strong>consideremus</strong></span> 
     </span>
     <span class='ocr_line' id='line_1_4' title="bbox 211 591 1381 680; baseline -0.005 -18"><span class='ocrx_word' id='word_1_21' title='bbox 211 595 398 680; x_wconf 71' lang='lat' dir='ltr'>secundam,</span> <span class='ocrx_word' id='word_1_22' title='bbox 421 615 503 679; x_wconf 89' lang='lat' dir='ltr'>quae</span> <span class='ocrx_word' id='word_1_23' title='bbox 526 592 608 658; x_wconf 90' lang='lat' dir='ltr'>mihi</span> <span class='ocrx_word' id='word_1_24' title='bbox 630 592 707 658; x_wconf 89' lang='lat' dir='ltr'>talis</span> <span class='ocrx_word' id='word_1_25' title='bbox 734 591 863 657; x_wconf 84' lang='lat' dir='ltr'>videtur</span> <span class='ocrx_word' id='word_1_26' title='bbox 889 591 1005 677; x_wconf 83' lang='lat' dir='ltr'>fuisse,</span> <span class='ocrx_word' id='word_1_27' title='bbox 1032 596 1083 677; x_wconf 89' lang='lat' dir='ltr'>ut,</span> <span class='ocrx_word' id='word_1_28' title='bbox 1111 615 1185 658; x_wconf 88' lang='lat' dir='ltr'>cum</span> <span class='ocrx_word' id='word_1_29' title='bbox 1213 591 1381 657; x_wconf 72' lang='lat' dir='ltr'>ostendere</span> 
     </span>
     <span class='ocr_line' id='line_1_5' title="bbox 211 679 1380 769; baseline -0.004 -18"><span class='ocrx_word' id='word_1_30' title='bbox 211 684 324 768; x_wconf 83' lang='lat' dir='ltr'>velles,</span> <span class='ocrx_word' id='word_1_31' title='bbox 347 682 459 769; x_wconf 89' lang='lat' dir='ltr'>quales</span> <span class='ocrx_word' id='word_1_32' title='bbox 483 681 517 746; x_wconf 93' lang='lat' dir='ltr'>di</span> <span class='ocrx_word' id='word_1_33' title='bbox 546 685 669 766; x_wconf 89' lang='lat' dir='ltr'>essent,</span> <span class='ocrx_word' id='word_1_34' title='bbox 703 681 889 746; x_wconf 72' lang='lat' dir='ltr'>ostenderes</span> <span class='ocrx_word' id='word_1_35' title='bbox 919 681 1027 746; x_wconf 91' lang='lat' dir='ltr'>nullos</span> <span class='ocrx_word' id='word_1_36' title='bbox 1060 703 1141 747; x_wconf 88' lang='lat' dir='ltr'>esse.</span> <span class='ocrx_word' id='word_1_37' title='bbox 1185 679 1217 746; x_wconf 77' lang='lat' dir='ltr'>A</span> <span class='ocrx_word' id='word_1_38' title='bbox 1249 703 1380 746; x_wconf 88' lang='lat' dir='ltr'>consue·</span> 
     </span>
     <span class='ocr_line' id='line_1_6' title="bbox 212 768 1405 854; baseline -0.006 -16"><span class='ocrx_word' id='word_1_39' title='bbox 212 773 325 839; x_wconf 90' lang='lat' dir='ltr'>tudine</span> <span class='ocrx_word' id='word_1_40' title='bbox 348 772 436 836; x_wconf 88' lang='lat' dir='ltr'>enim</span> <span class='ocrx_word' id='word_1_41' title='bbox 459 770 627 837; x_wconf 89' lang='lat' dir='ltr'>oculorum</span> <span class='ocrx_word' id='word_1_42' title='bbox 650 770 796 836; x_wconf 79' lang='lat' dir='ltr'>animum</span> <span class='ocrx_word' id='word_1_43' title='bbox 819 769 978 836; x_wconf 91' lang='lat' dir='ltr'>abducere</span> <span class='ocrx_word' id='word_1_44' title='bbox 996 768 1227 835; x_wconf 88' lang='lat' dir='ltr'>difficillimum</span> <span class='ocrx_word' id='word_1_45' title='bbox 1245 769 1405 854; x_wconf 61' lang='lat' dir='ltr'>dicebaut</span> 
     </span>
     <span class='ocr_line' id='line_1_7' title="bbox 213 858 1384 947; baseline -0.005 -19"><span class='ocrx_word' id='word_1_46' title='bbox 213 860 282 947; x_wconf 88' lang='lat' dir='ltr'>sed,</span> <span class='ocrx_word' id='word_1_47' title='bbox 306 882 380 926; x_wconf 88' lang='lat' dir='ltr'>cum</span> <span class='ocrx_word' id='word_1_48' title='bbox 402 861 462 925; x_wconf 92' lang='lat' dir='ltr'>deo</span> <span class='ocrx_word' id='word_1_49' title='bbox 489 858 573 926; x_wconf 86' lang='lat' dir='ltr'><strong>nihil</strong></span> <span class='ocrx_word' id='word_1_50' title='bbox 600 859 821 944; x_wconf 73' lang='lat' dir='ltr'>praestantius</span> <span class='ocrx_word' id='word_1_51' title='bbox 854 863 954 943; x_wconf 88' lang='lat' dir='ltr'>esset,</span> <span class='ocrx_word' id='word_1_52' title='bbox 985 880 1053 924; x_wconf 91' lang='lat' dir='ltr'>non</span> <span class='ocrx_word' id='word_1_53' title='bbox 1085 859 1275 943; x_wconf 72' lang='lat' dir='ltr'><strong>dubitabas,</strong></span> <span class='ocrx_word' id='word_1_54' title='bbox 1311 859 1384 942; x_wconf 91' lang='lat' dir='ltr'>quin</span> 
     </span>
     <span class='ocr_line' id='line_1_8' title="bbox 213 946 1384 1032; baseline -0.004 -17"><span class='ocrx_word' id='word_1_55' title='bbox 213 948 353 1016; x_wconf 90' lang='lat' dir='ltr'>mundus</span> <span class='ocrx_word' id='word_1_56' title='bbox 377 952 464 1014; x_wconf 86' lang='lat' dir='ltr'>esset</span> <span class='ocrx_word' id='word_1_57' title='bbox 486 949 578 1032; x_wconf 89' lang='lat' dir='ltr'>deus,</span> <span class='ocrx_word' id='word_1_58' title='bbox 606 969 671 1032; x_wconf 90' lang='lat' dir='ltr'>quo</span> <span class='ocrx_word' id='word_1_59' title='bbox 693 946 778 1012; x_wconf 91' lang='lat' dir='ltr'><strong>nihil</strong></span> <span class='ocrx_word' id='word_1_60' title='bbox 800 947 835 1012; x_wconf 92' lang='lat' dir='ltr'>in</span> <span class='ocrx_word' id='word_1_61' title='bbox 857 970 966 1012; x_wconf 90' lang='lat' dir='ltr'>rerum</span> <span class='ocrx_word' id='word_1_62' title='bbox 995 951 1114 1012; x_wconf 78' lang='lat' dir='ltr'>nutura</span> <span class='ocrx_word' id='word_1_63' title='bbox 1140 947 1257 1012; x_wconf 91' lang='lat' dir='ltr'>melius</span> <span class='ocrx_word' id='word_1_64' title='bbox 1294 951 1384 1012; x_wconf 90' lang='lat' dir='ltr'>esset.</span> 
     </span>
     <span class='ocr_line' id='line_1_9' title="bbox 213 1035 1386 1123; baseline -0.003 -19"><span class='ocrx_word' id='word_1_65' title='bbox 213 1037 312 1104; x_wconf 88' lang='lat' dir='ltr'>Modo</span> <span class='ocrx_word' id='word_1_66' title='bbox 330 1059 500 1122; x_wconf 87' lang='lat' dir='ltr'>possemus</span> <span class='ocrx_word' id='word_1_67' title='bbox 519 1059 594 1102; x_wconf 88' lang='lat' dir='ltr'>eum</span> <span class='ocrx_word' id='word_1_68' title='bbox 611 1036 812 1102; x_wconf 71' lang='lat' dir='ltr'>animantem</span> <span class='ocrx_word' id='word_1_69' title='bbox 831 1035 976 1123; x_wconf 81' lang='lat' dir='ltr'>cogitare</span> <span class='ocrx_word' id='word_1_70' title='bbox 998 1037 1051 1103; x_wconf 85' lang='lat' dir='ltr'>vel</span> <span class='ocrx_word' id='word_1_71' title='bbox 1072 1036 1197 1121; x_wconf 88' lang='lat' dir='ltr'>potius,</span> <span class='ocrx_word' id='word_1_72' title='bbox 1220 1041 1260 1101; x_wconf 91' lang='lat' dir='ltr'>ut</span> <span class='ocrx_word' id='word_1_73' title='bbox 1281 1041 1386 1101; x_wconf 85' lang='lat' dir='ltr'>cetera</span> 
     </span>
     <span class='ocr_line' id='line_1_10' title="bbox 161 1122 1387 1213; baseline 0.001 -25"><span class='ocrx_word' id='word_1_74' title='bbox 161 1139 194 1188; x_wconf 82' lang='lat' dir='ltr'>al</span> <span class='ocrx_word' id='word_1_75' title='bbox 214 1126 331 1213; x_wconf 92' lang='lat' dir='ltr'>oculis,</span> <span class='ocrx_word' id='word_1_76' title='bbox 355 1127 401 1193; x_wconf 89' lang='lat' dir='ltr'>sic</span> <span class='ocrx_word' id='word_1_77' title='bbox 424 1126 533 1192; x_wconf 89' lang='lat' dir='ltr'>animo</span> <span class='ocrx_word' id='word_1_78' title='bbox 556 1125 619 1190; x_wconf 91' lang='lat' dir='ltr'>hoc</span> <span class='ocrx_word' id='word_1_79' title='bbox 642 1126 785 1192; x_wconf 76' lang='lat' dir='ltr'>comeret</span> <span class='ocrx_word' id='word_1_80' title='bbox 832 1122 896 1190; x_wconf 82' lang='lat' dir='ltr'>Sed</span> <span class='ocrx_word' id='word_1_81' title='bbox 922 1147 997 1192; x_wconf 88' lang='lat' dir='ltr'>cum</span> <span class='ocrx_word' id='word_1_82' title='bbox 1023 1125 1145 1190; x_wconf 91' lang='lat' dir='ltr'>mundo</span> <span class='ocrx_word' id='word_1_83' title='bbox 1172 1147 1278 1212; x_wconf 81' lang='lat' dir='ltr'>negas</span> <span class='ocrx_word' id='word_1_84' title='bbox 1305 1125 1387 1209; x_wconf 88' lang='lat' dir='ltr'>quic-</span> 
     </span>
     <span class='ocr_line' id='line_1_11' title="bbox 215 1212 1414 1302; baseline -0.008 -20"><span class='ocrx_word' id='word_1_85' title='bbox 215 1239 313 1302; x_wconf 80' lang='lat' dir='ltr'>quum</span> <span class='ocrx_word' id='word_1_86' title='bbox 332 1237 402 1281; x_wconf 88' lang='lat' dir='ltr'>esse</span> <span class='ocrx_word' id='word_1_87' title='bbox 416 1215 547 1299; x_wconf 89' lang='lat' dir='ltr'>melius,</span> <span class='ocrx_word' id='word_1_88' title='bbox 570 1213 648 1300; x_wconf 89' lang='lat' dir='ltr'>quid</span> <span class='ocrx_word' id='word_1_89' title='bbox 671 1213 752 1279; x_wconf 92' lang='lat' dir='ltr'>dicis</span> <span class='ocrx_word' id='word_1_90' title='bbox 767 1213 906 1279; x_wconf 83' lang='lat' dir='ltr'>melius?</span> <span class='ocrx_word' id='word_1_91' title='bbox 949 1212 984 1279; x_wconf 80' lang='lat' dir='ltr'>si</span> <span class='ocrx_word' id='word_1_92' title='bbox 1001 1213 1183 1298; x_wconf 81' lang='lat' dir='ltr'>pulchrius,</span> <span class='ocrx_word' id='word_1_93' title='bbox 1206 1214 1414 1298; x_wconf 77' lang='lat' dir='ltr'>adsenti013c</span> 
     </span>
     <span class='ocr_line' id='line_1_12' title="bbox 215 1302 1387 1390; baseline -0.004 -19"><span class='ocrx_word' id='word_1_94' title='bbox 215 1306 244 1372; x_wconf 89' lang='lat' dir='ltr'>si</span> <span class='ocrx_word' id='word_1_95' title='bbox 266 1305 375 1390; x_wconf 89' lang='lat' dir='ltr'>aptius</span> <span class='ocrx_word' id='word_1_96' title='bbox 398 1305 439 1369; x_wconf 84' lang='lat' dir='ltr'>ad</span> <span class='ocrx_word' id='word_1_97' title='bbox 457 1304 619 1370; x_wconf 85' lang='lat' dir='ltr'>utilitates</span> <span class='ocrx_word' id='word_1_98' title='bbox 636 1308 781 1387; x_wconf 89' lang='lat' dir='ltr'>nostras,</span> <span class='ocrx_word' id='word_1_99' title='bbox 804 1303 838 1368; x_wconf 93' lang='lat' dir='ltr'>id</span> <span class='ocrx_word' id='word_1_100' title='bbox 856 1325 985 1388; x_wconf 89' lang='lat' dir='ltr'>quoque</span> <span class='ocrx_word' id='word_1_101' title='bbox 1003 1302 1182 1388; x_wconf 73' lang='lat' dir='ltr'>adsentior,</span> <span class='ocrx_word' id='word_1_102' title='bbox 1206 1303 1259 1367; x_wconf 87' lang='lat' dir='ltr'>sin</span> <span class='ocrx_word' id='word_1_103' title='bbox 1279 1307 1387 1367; x_wconf 86' lang='lat' dir='ltr'>autem</span> 
     </span>
     <span class='ocr_line' id='line_1_13' title="bbox 214 1390 1388 1478; baseline -0.003 -19"><span class='ocrx_word' id='word_1_104' title='bbox 214 1393 248 1459; x_wconf 93' lang='lat' dir='ltr'>id</span> <span class='ocrx_word' id='word_1_105' title='bbox 271 1393 366 1478; x_wconf 85' lang='lat' dir='ltr'>dieis,</span> <span class='ocrx_word' id='word_1_106' title='bbox 387 1392 471 1458; x_wconf 88' lang='lat' dir='ltr'>nihil</span> <span class='ocrx_word' id='word_1_107' title='bbox 494 1414 565 1458; x_wconf 91' lang='lat' dir='ltr'>esse</span> <span class='ocrx_word' id='word_1_108' title='bbox 588 1391 709 1457; x_wconf 92' lang='lat' dir='ltr'>mundo</span> <span class='ocrx_word' id='word_1_109' title='bbox 733 1390 927 1476; x_wconf 88' lang='lat' dir='ltr'>sapientius,</span> <span class='ocrx_word' id='word_1_110' title='bbox 948 1391 1039 1456; x_wconf 90' lang='lat' dir='ltr'>nullo</span> <span class='ocrx_word' id='word_1_111' title='bbox 1062 1393 1159 1457; x_wconf 93' lang='lat' dir='ltr'>modo</span> <span class='ocrx_word' id='word_1_112' title='bbox 1177 1413 1318 1476; x_wconf 89' lang='lat' dir='ltr'>prorsus</span> <span class='ocrx_word' id='word_1_113' title='bbox 1342 1391 1388 1456; x_wconf 86' lang='lat' dir='ltr'>ad·</span> 
     </span>
     <span class='ocr_line' id='line_1_14' title="bbox 216 1480 1388 1567; baseline -0.004 -19"><span class='ocrx_word' id='word_1_114' title='bbox 216 1482 352 1567; x_wconf 91' lang='lat' dir='ltr'>sentior,</span> <span class='ocrx_word' id='word_1_115' title='bbox 374 1503 442 1547; x_wconf 89' lang='lat' dir='ltr'>non</span> <span class='ocrx_word' id='word_1_116' title='bbox 464 1481 551 1566; x_wconf 91' lang='lat' dir='ltr'>quod</span> <span class='ocrx_word' id='word_1_117' title='bbox 573 1480 706 1546; x_wconf 86' lang='lat' dir='ltr'>difficile</span> <span class='ocrx_word' id='word_1_118' title='bbox 728 1480 773 1546; x_wconf 89' lang='lat' dir='ltr'>sit</span> <span class='ocrx_word' id='word_1_119' title='bbox 795 1484 939 1546; x_wconf 86' lang='lat' dir='ltr'>mentem</span> <span class='ocrx_word' id='word_1_120' title='bbox 961 1480 1003 1546; x_wconf 91' lang='lat' dir='ltr'>ab</span> <span class='ocrx_word' id='word_1_121' title='bbox 1021 1481 1124 1546; x_wconf 89' lang='lat' dir='ltr'>oculis</span> <span class='ocrx_word' id='word_1_122' title='bbox 1142 1502 1314 1565; x_wconf 83' lang='lat' dir='ltr'>sevocare,</span> <span class='ocrx_word' id='word_1_123' title='bbox 1338 1480 1388 1544; x_wconf 91' lang='lat' dir='ltr'>sed</span> 
     </span>
     <span class='ocr_line' id='line_1_15' title="bbox 217 1568 1388 1656; baseline -0.001 -22"><span class='ocrx_word' id='word_1_124' title='bbox 217 1591 282 1656; x_wconf 90' lang='lat' dir='ltr'>quo</span> <span class='ocrx_word' id='word_1_125' title='bbox 305 1569 411 1655; x_wconf 80' lang='lat' dir='ltr'>magis</span> <span class='ocrx_word' id='word_1_126' title='bbox 435 1591 565 1653; x_wconf 83' lang='lat' dir='ltr'>sevoco,</span> <span class='ocrx_word' id='word_1_127' title='bbox 588 1591 626 1634; x_wconf 92' lang='lat' dir='ltr'>eo</span> <span class='ocrx_word' id='word_1_128' title='bbox 649 1569 756 1634; x_wconf 91' lang='lat' dir='ltr'>minus</span> <span class='ocrx_word' id='word_1_129' title='bbox 780 1568 827 1654; x_wconf 91' lang='lat' dir='ltr'>id,</span> <span class='ocrx_word' id='word_1_130' title='bbox 851 1569 938 1655; x_wconf 92' lang='lat' dir='ltr'>quod</span> <span class='ocrx_word' id='word_1_131' title='bbox 960 1573 998 1634; x_wconf 89' lang='lat' dir='ltr'>tu</span> <span class='ocrx_word' id='word_1_132' title='bbox 1024 1569 1088 1654; x_wconf 85' lang='lat' dir='ltr'>vis,</span> <span class='ocrx_word' id='word_1_133' title='bbox 1114 1591 1250 1653; x_wconf 88' lang='lat' dir='ltr'>possum</span> <span class='ocrx_word' id='word_1_134' title='bbox 1281 1573 1388 1634; x_wconf 86' lang='lat' dir='ltr'>mente</span> 
     </span>
     <span class='ocr_line' id='line_1_16' title="bbox 176 1656 1414 1742; baseline -0.002 -18"><span class='ocrx_word' id='word_1_135' title='bbox 176 1656 497 1742; x_wconf 84' lang='lat' dir='ltr'>9comprehendcre.</span> <span class='ocrx_word' id='word_1_136' title='bbox 551 1656 643 1722; x_wconf 89' lang='lat' dir='ltr'>Nihil</span> <span class='ocrx_word' id='word_1_137' title='bbox 676 1662 727 1724; x_wconf 87' lang='lat' dir='ltr'>est</span> <span class='ocrx_word' id='word_1_138' title='bbox 753 1657 873 1723; x_wconf 90' lang='lat' dir='ltr'>mundo</span> <span class='ocrx_word' id='word_1_139' title='bbox 905 1658 1022 1723; x_wconf 89' lang='lat' dir='ltr'>melius</span> <span class='ocrx_word' id='word_1_140' title='bbox 1053 1658 1090 1722; x_wconf 92' lang='lat' dir='ltr'>in</span> <span class='ocrx_word' id='word_1_141' title='bbox 1120 1680 1231 1723; x_wconf 89' lang='lat' dir='ltr'>rerum</span> <span class='ocrx_word' id='word_1_142' title='bbox 1262 1663 1414 1722; x_wconf 78' lang='lat' dir='ltr'>natural</span> 
     </span>
     <span class='ocr_line' id='line_1_17' title="bbox 216 1745 1389 1834; baseline -0.002 -22"><span class='ocrx_word' id='word_1_143' title='bbox 216 1745 268 1812; x_wconf 88' lang='lat' dir='ltr'>Nc</span> <span class='ocrx_word' id='word_1_144' title='bbox 290 1747 326 1812; x_wconf 87' lang='lat' dir='ltr'>in</span> <span class='ocrx_word' id='word_1_145' title='bbox 348 1746 444 1812; x_wconf 88' lang='lat' dir='ltr'>terris</span> <span class='ocrx_word' id='word_1_146' title='bbox 469 1746 599 1832; x_wconf 89' lang='lat' dir='ltr'>quidem</span> <span class='ocrx_word' id='word_1_147' title='bbox 622 1747 702 1812; x_wconf 88' lang='lat' dir='ltr'>urbe</span> <span class='ocrx_word' id='word_1_148' title='bbox 723 1751 851 1831; x_wconf 72' lang='lat' dir='ltr'>nostra,</span> <span class='ocrx_word' id='word_1_149' title='bbox 873 1769 952 1812; x_wconf 90' lang='lat' dir='ltr'>num</span> <span class='ocrx_word' id='word_1_150' title='bbox 974 1747 1078 1834; x_wconf 81' lang='lat' dir='ltr'>igitur</span> <span class='ocrx_word' id='word_1_151' title='bbox 1101 1746 1223 1812; x_wconf 90' lang='lat' dir='ltr'>idcirco</span> <span class='ocrx_word' id='word_1_152' title='bbox 1250 1747 1289 1811; x_wconf 93' lang='lat' dir='ltr'>in</span> <span class='ocrx_word' id='word_1_153' title='bbox 1312 1747 1389 1811; x_wconf 90' lang='lat' dir='ltr'>urbe</span> 
     </span>
     <span class='ocr_line' id='line_1_18' title="bbox 218 1834 1390 1922; baseline -0.003 -20"><span class='ocrx_word' id='word_1_154' title='bbox 218 1857 288 1902; x_wconf 86' lang='lat' dir='ltr'>esse</span> <span class='ocrx_word' id='word_1_155' title='bbox 306 1835 481 1920; x_wconf 86' lang='lat' dir='ltr'>rationem,</span> <span class='ocrx_word' id='word_1_156' title='bbox 496 1835 744 1922; x_wconf 77' lang='lat' dir='ltr'>cogitationem,</span> <span class='ocrx_word' id='word_1_157' title='bbox 759 1839 902 1901; x_wconf 84' lang='lat' dir='ltr'>mentem</span> <span class='ocrx_word' id='word_1_158' title='bbox 919 1835 1041 1920; x_wconf 76' lang='lat' dir='ltr'>putas?</span> <span class='ocrx_word' id='word_1_159' title='bbox 1059 1839 1129 1920; x_wconf 88' lang='lat' dir='ltr'>aut,</span> <span class='ocrx_word' id='word_1_160' title='bbox 1148 1834 1309 1921; x_wconf 84' lang='lat' dir='ltr'>quoniam</span> <span class='ocrx_word' id='word_1_161' title='bbox 1327 1857 1390 1899; x_wconf 91' lang='lat' dir='ltr'>non</span> 
     </span>
     <span class='ocr_line' id='line_1_19' title="bbox 218 1923 1389 2009; baseline -0.003 -18"><span class='ocrx_word' id='word_1_162' title='bbox 218 1925 275 2009; x_wconf 87' lang='lat' dir='ltr'>sit,</span> <span class='ocrx_word' id='word_1_163' title='bbox 306 1947 385 1988; x_wconf 92' lang='lat' dir='ltr'>num</span> <span class='ocrx_word' id='word_1_164' title='bbox 407 1924 527 1990; x_wconf 89' lang='lat' dir='ltr'>idcirco</span> <span class='ocrx_word' id='word_1_165' title='bbox 551 1924 719 1990; x_wconf 83' lang='lat' dir='ltr'>existimas</span> <span class='ocrx_word' id='word_1_166' title='bbox 742 1923 914 1989; x_wconf 86' lang='lat' dir='ltr'>formicam</span> <span class='ocrx_word' id='word_1_167' title='bbox 936 1924 1196 2009; x_wconf 79' lang='lat' dir='ltr'>anteponendum</span> <span class='ocrx_word' id='word_1_168' title='bbox 1219 1947 1293 1990; x_wconf 88' lang='lat' dir='ltr'>esse</span> <span class='ocrx_word' id='word_1_169' title='bbox 1317 1923 1389 1988; x_wconf 90' lang='lat' dir='ltr'>huic</span> 
     </span>
     <span class='ocr_line' id='line_1_20' title="bbox 216 2011 1390 2099; baseline -0.002 -21"><span class='ocrx_word' id='word_1_170' title='bbox 216 2011 463 2099; x_wconf 80' lang='lat' dir='ltr'>pulcherrumae</span> <span class='ocrx_word' id='word_1_171' title='bbox 485 2012 572 2098; x_wconf 90' lang='lat' dir='ltr'>urbi,</span> <span class='ocrx_word' id='word_1_172' title='bbox 596 2013 683 2098; x_wconf 93' lang='lat' dir='ltr'>quod</span> <span class='ocrx_word' id='word_1_173' title='bbox 700 2013 735 2076; x_wconf 92' lang='lat' dir='ltr'>in</span> <span class='ocrx_word' id='word_1_174' title='bbox 753 2013 833 2078; x_wconf 90' lang='lat' dir='ltr'>urbe</span> <span class='ocrx_word' id='word_1_175' title='bbox 851 2035 965 2078; x_wconf 88' lang='lat' dir='ltr'>sensus</span> <span class='ocrx_word' id='word_1_176' title='bbox 988 2013 1033 2078; x_wconf 93' lang='lat' dir='ltr'>sit</span> <span class='ocrx_word' id='word_1_177' title='bbox 1054 2013 1177 2098; x_wconf 90' lang='lat' dir='ltr'>nullus,</span> <span class='ocrx_word' id='word_1_178' title='bbox 1199 2013 1235 2077; x_wconf 93' lang='lat' dir='ltr'>in</span> <span class='ocrx_word' id='word_1_179' title='bbox 1251 2013 1390 2078; x_wconf 86' lang='lat' dir='ltr'>formica</span> 
     </span>
     <span class='ocr_line' id='line_1_21' title="bbox 217 2100 1414 2187; baseline -0.001 -20"><span class='ocrx_word' id='word_1_180' title='bbox 217 2123 284 2168; x_wconf 91' lang='lat' dir='ltr'>non</span> <span class='ocrx_word' id='word_1_181' title='bbox 293 2102 390 2167; x_wconf 93' lang='lat' dir='ltr'>modo</span> <span class='ocrx_word' id='word_1_182' title='bbox 400 2101 587 2186; x_wconf 88' lang='lat' dir='ltr'>sensus,sed</span> <span class='ocrx_word' id='word_1_183' title='bbox 597 2102 697 2166; x_wconf 90' lang='lat' dir='ltr'>etiam</span> <span class='ocrx_word' id='word_1_184' title='bbox 706 2123 807 2187; x_wconf 92' lang='lat' dir='ltr'>mens,</span> <span class='ocrx_word' id='word_1_185' title='bbox 819 2100 915 2186; x_wconf 88' lang='lat' dir='ltr'>ratic,</span> <span class='ocrx_word' id='word_1_186' title='bbox 922 2101 1101 2167; x_wconf 83' lang='lat' dir='ltr'>memoria?</span> <span class='ocrx_word' id='word_1_187' title='bbox 1119 2100 1240 2167; x_wconf 87' lang='lat' dir='ltr'>Videre</span> <span class='ocrx_word' id='word_1_188' title='bbox 1251 2105 1390 2187; x_wconf 88' lang='lat' dir='ltr'>oportet,</span> <span class='ocrx_word' id='word_1_189' title='bbox 1403 2119 1414 2166; x_wconf 74' lang='lat' dir='ltr'>r</span> 
     </span>
     <span class='ocr_line' id='line_1_22' title="bbox 217 2189 1389 2276; baseline -0.003 -21"><span class='ocrx_word' id='word_1_190' title='bbox 217 2189 333 2276; x_wconf 88' lang='lat' dir='ltr'>Balbe,</span> <span class='ocrx_word' id='word_1_191' title='bbox 352 2190 430 2275; x_wconf 92' lang='lat' dir='ltr'>quid</span> <span class='ocrx_word' id='word_1_192' title='bbox 448 2190 511 2255; x_wconf 90' lang='lat' dir='ltr'>tibi</span> <span class='ocrx_word' id='word_1_193' title='bbox 529 2190 737 2274; x_wconf 86' lang='lat' dir='ltr'>concedatur,</span> <span class='ocrx_word' id='word_1_194' title='bbox 759 2211 827 2255; x_wconf 92' lang='lat' dir='ltr'>non</span> <span class='ocrx_word' id='word_1_195' title='bbox 845 2190 1016 2276; x_wconf 87' lang='lat' dir='ltr'>teipsum,</span> <span class='ocrx_word' id='word_1_196' title='bbox 1036 2191 1123 2275; x_wconf 91' lang='lat' dir='ltr'>quod</span> <span class='ocrx_word' id='word_1_197' title='bbox 1140 2190 1235 2275; x_wconf 86' lang='lat' dir='ltr'>velis,</span> <span class='ocrx_word' id='word_1_198' title='bbox 1254 2213 1389 2256; x_wconf 87' lang='lat' dir='ltr'>sumere.</span> 
     </span>
     <span class='ocr_line' id='line_1_23' title="bbox 165 2278 1414 2365; baseline 0 -24"><span class='ocrx_word' id='word_1_199' title='bbox 165 2292 199 2341; x_wconf 71' lang='lat' dir='ltr'>aa</span> <span class='ocrx_word' id='word_1_200' title='bbox 218 2278 326 2344; x_wconf 90' lang='lat' dir='ltr'>Istum</span> <span class='ocrx_word' id='word_1_201' title='bbox 349 2279 435 2343; x_wconf 90' lang='lat' dir='ltr'>enim</span> <span class='ocrx_word' id='word_1_202' title='bbox 457 2279 566 2345; x_wconf 92' lang='lat' dir='ltr'>locum</span> <span class='ocrx_word' id='word_1_203' title='bbox 588 2283 696 2344; x_wconf 89' lang='lat' dir='ltr'>totum</span> <span class='ocrx_word' id='word_1_204' title='bbox 714 2279 772 2344; x_wconf 93' lang='lat' dir='ltr'>illa</span> <span class='ocrx_word' id='word_1_205' title='bbox 794 2283 888 2344; x_wconf 86' lang='lat' dir='ltr'>vetus</span> <span class='ocrx_word' id='word_1_206' title='bbox 912 2279 1051 2344; x_wconf 87' lang='lat' dir='ltr'>Zenonis</span> <span class='ocrx_word' id='word_1_207' title='bbox 1074 2279 1182 2344; x_wconf 86' lang='lat' dir='ltr'>brevis</span> <span class='ocrx_word' id='word_1_208' title='bbox 1201 2284 1247 2365; x_wconf 90' lang='lat' dir='ltr'>et,</span> <span class='ocrx_word' id='word_1_209' title='bbox 1272 2284 1314 2345; x_wconf 89' lang='lat' dir='ltr'>ut</span> <span class='ocrx_word' id='word_1_210' title='bbox 1334 2279 1391 2344; x_wconf 88' lang='lat' dir='ltr'>tibi</span> <span class='ocrx_word' id='word_1_211' title='bbox 1413 2349 1414 2354; x_wconf 9' lang='grc' dir='ltr'>η</span> 
     </span>
     <span class='ocr_line' id='line_1_24' title="bbox 219 2361 1414 2451; baseline -0.002 -19"><span class='ocrx_word' id='word_1_212' title='bbox 219 2367 402 2451; x_wconf 85' lang='lat' dir='ltr'>videbatur,</span> <span class='ocrx_word' id='word_1_213' title='bbox 425 2371 522 2432; x_wconf 85' lang='lat' dir='ltr'>acuta</span> <span class='ocrx_word' id='word_1_214' title='bbox 544 2368 709 2438; x_wconf 86' lang='lat' dir='ltr'>conclusio</span> <span class='ocrx_word' id='word_1_215' title='bbox 728 2367 887 2433; x_wconf 85' lang='lat' dir='ltr'>dilatavit.</span> <span class='ocrx_word' id='word_1_216' title='bbox 924 2367 1011 2433; x_wconf 83' lang='lat' dir='ltr'>Zeno</span> <span class='ocrx_word' id='word_1_217' title='bbox 1030 2368 1117 2433; x_wconf 88' lang='lat' dir='ltr'>enim</span> <span class='ocrx_word' id='word_1_218' title='bbox 1140 2368 1188 2433; x_wconf 84' lang='lat' dir='ltr'>ita</span> <span class='ocrx_word' id='word_1_219' title='bbox 1212 2368 1390 2434; x_wconf 88' lang='lat' dir='ltr'>concludit:</span> <span class='ocrx_word' id='word_1_220' title='bbox 1413 2361 1414 2404; x_wconf 73' lang='lat' dir='ltr'>l</span> 
     </span>
    </p>
   </div>
   <div class='ocr_carea' id='block_1_3' title="bbox 156 2566 1413 4492">
    <p class='ocr_par' dir='ltr' id='par_1_3' title="bbox 156 2566 1413 2793">
     <span class='ocr_line' id='line_1_25' title="bbox 156 2566 1391 2647; baseline -0.002 -15"><span class='ocrx_word' id='word_1_221' title='bbox 156 2641 159 2647; x_wconf 42' lang='grc'>,</span> <span class='ocrx_word' id='word_1_222' title='bbox 219 2576 293 2632; x_wconf 80' lang='lat' dir='ltr'>rach</span> <span class='ocrx_word' id='word_1_223' title='bbox 312 2575 362 2631; x_wconf 91' lang='lat' dir='ltr'>der</span> <span class='ocrx_word' id='word_1_224' title='bbox 380 2575 499 2631; x_wconf 83' lang='lat' dir='ltr'>Ansicht</span> <span class='ocrx_word' id='word_1_225' title='bbox 518 2576 567 2630; x_wconf 87' lang='lat' dir='ltr'>des</span> <span class='ocrx_word' id='word_1_226' title='bbox 582 2575 689 2631; x_wconf 86' lang='lat' dir='ltr'>Balbus</span> <span class='ocrx_word' id='word_1_227' title='bbox 706 2577 777 2632; x_wconf 77' lang='lat' dir='ltr'>uber</span> <span class='ocrx_word' id='word_1_228' title='bbox 868 2566 1391 2634; x_wconf 71' lang='lat' dir='ltr'>15.Nstilestmuedomelius.llber</span> 
     </span>
     <span class='ocr_line' id='line_1_26' title="bbox 220 2646 1413 2718; baseline -0.001 -16"><span class='ocrx_word' id='word_1_229' title='bbox 220 2646 266 2703; x_wconf 88' lang='lat' dir='ltr'>die</span> <span class='ocrx_word' id='word_1_230' title='bbox 285 2647 449 2702; x_wconf 80' lang='lat' dir='ltr'>Divination</span> <span class='ocrx_word' id='word_1_231' title='bbox 467 2648 535 2702; x_wconf 88' lang='lat' dir='ltr'>cher</span> <span class='ocrx_word' id='word_1_232' title='bbox 557 2665 590 2701; x_wconf 84' lang='lat' dir='ltr'>zu</span> <span class='ocrx_word' id='word_1_233' title='bbox 616 2646 709 2717; x_wconf 81' lang='lat' dir='ltr'>wenig</span> <span class='ocrx_word' id='word_1_234' title='bbox 734 2647 776 2702; x_wconf 85' lang='lat' dir='ltr'>als</span> <span class='ocrx_word' id='word_1_235' title='bbox 834 2648 930 2703; x_wconf 88' lang='lat' dir='ltr'>diesen</span> <span class='ocrx_word' id='word_1_236' title='bbox 951 2647 1057 2704; x_wconf 80' lang='lat' dir='ltr'>Schlull</span> <span class='ocrx_word' id='word_1_237' title='bbox 1076 2667 1098 2705; x_wconf 91' lang='lat' dir='ltr'>s.</span> <span class='ocrx_word' id='word_1_238' title='bbox 1113 2650 1147 2718; x_wconf 81' lang='grc' dir='ltr'>ΙΙ,</span> <span class='ocrx_word' id='word_1_239' title='bbox 1158 2655 1200 2704; x_wconf 75' lang='lat'>21.</span> <span class='ocrx_word' id='word_1_240' title='bbox 1237 2648 1298 2704; x_wconf 90' lang='lat' dir='ltr'>Der</span> <span class='ocrx_word' id='word_1_241' title='bbox 1317 2649 1413 2703; x_wconf 51' lang='lat' dir='ltr'>iden·¹</span> 
     </span>
     <span class='ocr_line' id='line_1_27' title="bbox 219 2718 1392 2790; baseline -0.001 -16"><span class='ocrx_word' id='word_1_242' title='bbox 219 2736 254 2774; x_wconf 83' lang='lat' dir='ltr'>au</span> <span class='ocrx_word' id='word_1_243' title='bbox 272 2718 330 2774; x_wconf 85' lang='lat' dir='ltr'>viel</span> <span class='ocrx_word' id='word_1_244' title='bbox 347 2721 449 2789; x_wconf 80' lang='lat' dir='ltr'>gessgt</span> <span class='ocrx_word' id='word_1_245' title='bbox 461 2719 549 2774; x_wconf 85' lang='lat' dir='ltr'>hatte.</span> <span class='ocrx_word' id='word_1_246' title='bbox 830 2719 986 2774; x_wconf 86' lang='lat' dir='ltr'>tischeund</span> <span class='ocrx_word' id='word_1_247' title='bbox 1000 2720 1099 2775; x_wconf 86' lang='lat' dir='ltr'>darum</span> <span class='ocrx_word' id='word_1_248' title='bbox 1112 2719 1280 2790; x_wconf 79' lang='lat' dir='ltr'>unlogische</span> <span class='ocrx_word' id='word_1_249' title='bbox 1294 2720 1392 2774; x_wconf 84' lang='lat' dir='ltr'>Zusatz</span> 
     </span>
    </p>

    <p class='ocr_par' dir='ltr' id='par_1_4' title="bbox 220 2790 1412 3215">
     <span class='ocr_line' id='line_1_28' title="bbox 256 2790 1392 2860; baseline -0.001 -16"><span class='ocrx_word' id='word_1_250' title='bbox 256 2794 403 2856; x_wconf 67' lang='lat' dir='ltr'>§to-64.</span> <span class='ocrx_word' id='word_1_251' title='bbox 440 2793 578 2844; x_wconf 79' lang='lat' dir='ltr'>zweiter</span> <span class='ocrx_word' id='word_1_252' title='bbox 594 2792 776 2854; x_wconf 79' lang='lat' dir='ltr'>Haupttess.</span> <span class='ocrx_word' id='word_1_253' title='bbox 830 2792 962 2846; x_wconf 68' lang='lat' dir='ltr'>istrorum</span> <span class='ocrx_word' id='word_1_254' title='bbox 975 2790 1243 2846; x_wconf 77' lang='lat' dir='ltr'>netorafindetsich</span> <span class='ocrx_word' id='word_1_255' title='bbox 1258 2791 1392 2860; x_wconf 78' lang='lat' dir='ltr'>obrigens</span> 
     </span>
     <span class='ocr_line' id='line_1_29' title="bbox 220 2860 1393 2929; baseline 0 -15"><span class='ocrx_word' id='word_1_256' title='bbox 220 2863 329 2915; x_wconf 82' lang='lat' dir='ltr'>Kritilr</span> <span class='ocrx_word' id='word_1_257' title='bbox 347 2863 405 2915; x_wconf 90' lang='lat' dir='ltr'>der</span> <span class='ocrx_word' id='word_1_258' title='bbox 418 2863 583 2916; x_wconf 82' lang='lat' dir='ltr'>stoisohen</span> <span class='ocrx_word' id='word_1_259' title='bbox 595 2863 699 2915; x_wconf 80' lang='lat' dir='ltr'>Lehre</span> <span class='ocrx_word' id='word_1_260' title='bbox 712 2877 779 2916; x_wconf 86' lang='lat' dir='ltr'>von</span> <span class='ocrx_word' id='word_1_261' title='bbox 832 2862 896 2916; x_wconf 90' lang='lat' dir='ltr'>dort</span> <span class='ocrx_word' id='word_1_262' title='bbox 909 2860 1002 2929; x_wconf 79' lang='lat' dir='ltr'>nicht3</span> <span class='ocrx_word' id='word_1_263' title='bbox 1016 2860 1100 2917; x_wconf 83' lang='lat' dir='ltr'>Cotta</span> <span class='ocrx_word' id='word_1_264' title='bbox 1106 2863 1226 2917; x_wconf 77' lang='lat' dir='ltr'>broucht</span> <span class='ocrx_word' id='word_1_265' title='bbox 1237 2861 1393 2916; x_wconf 87' lang='lat' dir='ltr'>denselben</span> 
     </span>
     <span class='ocr_line' id='line_1_30' title="bbox 221 2931 1324 3003; baseline 0.005 -20"><span class='ocrx_word' id='word_1_266' title='bbox 221 2931 279 2986; x_wconf 85' lang='lat' dir='ltr'>der</span> <span class='ocrx_word' id='word_1_267' title='bbox 295 2933 554 2986; x_wconf 79' lang='lat' dir='ltr'>Besohaffenheit</span> <span class='ocrx_word' id='word_1_268' title='bbox 577 2933 635 2985; x_wconf 90' lang='lat' dir='ltr'>der</span> <span class='ocrx_word' id='word_1_269' title='bbox 653 2935 777 2987; x_wconf 78' lang='lat' dir='ltr'>Gotter.</span> <span class='ocrx_word' id='word_1_270' title='bbox 831 2949 932 3002; x_wconf 80' lang='lat' dir='ltr'>wegen</span> <span class='ocrx_word' id='word_1_271' title='bbox 941 2933 990 2988; x_wconf 88' lang='lat' dir='ltr'>des</span> <span class='ocrx_word' id='word_1_272' title='bbox 1009 2932 1162 3003; x_wconf 81' lang='lat' dir='ltr'>folgenden</span> <span class='ocrx_word' id='word_1_273' title='bbox 1179 2935 1211 2988; x_wconf 65' lang='grc' dir='ltr'>ἐκ</span> <span class='ocrx_word' id='word_1_274' title='bbox 1230 2934 1324 2988; x_wconf 71' lang='lat' dir='ltr'>terrie</span> 
     </span>
     <span class='ocr_line' id='line_1_31' title="bbox 221 3002 1354 3091; baseline 0.003 -35"><span class='ocrx_word' id='word_1_275' title='bbox 221 3002 525 3073; x_wconf 75' lang='lat' dir='ltr'>§20-28.Prdlung</span> <span class='ocrx_word' id='word_1_276' title='bbox 543 3002 778 3058; x_wconf 75' lang='lat' dir='ltr'>derSchltssc</span> <span class='ocrx_word' id='word_1_277' title='bbox 870 3027 913 3077; x_wconf 51' lang='lat'>10,</span> <span class='ocrx_word' id='word_1_278' title='bbox 931 3021 1028 3075; x_wconf 66' lang='lat' dir='ltr'><em>Ne..</em></span> <span class='ocrx_word' id='word_1_279' title='bbox 1046 3023 1154 3091; x_wconf 55' lang='lat' dir='ltr'><strong><em>quidem</em></strong></span> <span class='ocrx_word' id='word_1_280' title='bbox 1182 3021 1269 3080; x_wconf 56' lang='lat' dir='ltr'>ml</span> <span class='ocrx_word' id='word_1_281' title='bbox 1289 3028 1354 3078; x_wconf 73' lang='lat'>110¹</span> 
     </span>
     <span class='ocr_line' id='line_1_32' title="bbox 222 3063 1392 3166; baseline 0.003 -40"><span class='ocrx_word' id='word_1_282' title='bbox 222 3071 280 3127; x_wconf 90' lang='lat' dir='ltr'>des</span> <span class='ocrx_word' id='word_1_283' title='bbox 315 3073 416 3141; x_wconf 89' lang='lat' dir='ltr'>Zeno,</span> <span class='ocrx_word' id='word_1_284' title='bbox 461 3073 673 3144; x_wconf 80' lang='lat' dir='ltr'>Chrysippus</span> <span class='ocrx_word' id='word_1_285' title='bbox 711 3074 779 3129; x_wconf 91' lang='lat' dir='ltr'>und</span> <span class='ocrx_word' id='word_1_286' title='bbox 869 3115 904 3164; x_wconf 67' lang='lat'>,0</span> <span class='ocrx_word' id='word_1_287' title='bbox 926 3063 1392 3166; x_wconf 48' lang='lat' dir='ltr'>mmdwffl—mfflp</span> 
     </span>
     <span class='ocr_line' id='line_1_33' title="bbox 221 3143 1412 3215; baseline 0.008 -18"><span class='ocrx_word' id='word_1_288' title='bbox 221 3143 417 3213; x_wconf 88' lang='lat' dir='ltr'>Xenophon.</span> <span class='ocrx_word' id='word_1_289' title='bbox 437 3144 477 3215; x_wconf 86' lang='lat' dir='ltr'>(S.</span> <span class='ocrx_word' id='word_1_290' title='bbox 491 3145 525 3214; x_wconf 91' lang='lat' dir='ltr'>Il,</span> <span class='ocrx_word' id='word_1_291' title='bbox 538 3145 657 3213; x_wconf 78' lang='lat'>16-22.)</span> <span class='ocrx_word' id='word_1_292' title='bbox 906 3153 911 3165; x_wconf 90' lang='lat'>&#39;</span> <span class='ocrx_word' id='word_1_293' title='bbox 1380 3151 1385 3163; x_wconf 88' lang='lat'><em>&#39;</em></span> <span class='ocrx_word' id='word_1_294' title='bbox 1411 3157 1412 3168; x_wconf 64' lang='lat'>¹</span> 
     </span>
    </p>

    <p class='ocr_par' dir='ltr' id='par_1_5' title="bbox 222 3215 1392 3498">
     <span class='ocr_line' id='line_1_34' title="bbox 258 3215 779 3285; baseline 0 -16"><span class='ocrx_word' id='word_1_295' title='bbox 258 3221 282 3269; x_wconf 75' lang='lat'>2.</span> <span class='ocrx_word' id='word_1_296' title='bbox 302 3216 334 3270; x_wconf 83' lang='lat' dir='ltr'>da</span> <span class='ocrx_word' id='word_1_297' title='bbox 356 3218 502 3285; x_wconf 64' lang='lat' dir='ltr'>premamur</span> <span class='ocrx_word' id='word_1_298' title='bbox 533 3217 662 3272; x_wconf 76' lang='lat' dir='ltr'>dicimus.</span> <span class='ocrx_word' id='word_1_299' title='bbox 713 3215 779 3270; x_wconf 82' lang='lat' dir='ltr'>Man</span> 
     </span>
     <span class='ocr_line' id='line_1_35' title="bbox 223 3285 779 3352; baseline 0 -11"><span class='ocrx_word' id='word_1_300' title='bbox 223 3287 363 3352; x_wconf 76' lang='lat' dir='ltr'>erwartet,</span> <span class='ocrx_word' id='word_1_301' title='bbox 383 3285 437 3341; x_wconf 83' lang='lat' dir='ltr'>dass</span> <span class='ocrx_word' id='word_1_302' title='bbox 452 3285 543 3341; x_wconf 87' lang='lat' dir='ltr'>dieser</span> <span class='ocrx_word' id='word_1_303' title='bbox 562 3287 627 3342; x_wconf 80' lang='lat' dir='ltr'>Sata</span> <span class='ocrx_word' id='word_1_304' title='bbox 645 3287 779 3342; x_wconf 83' lang='lat' dir='ltr'>demvor·</span> 
     </span>
     <span class='ocr_line' id='line_1_36' title="bbox 222 3322 1384 3428; baseline 0.004 -19"><span class='ocrx_word' id='word_1_305' title='bbox 222 3356 778 3428; x_wconf 75' lang='lat' dir='ltr'>hergehendensubordiniertwtre.Vgl.</span> <span class='ocrx_word' id='word_1_306' title='bbox 833 3322 981 3424; x_wconf 53' lang='lat' dir='ltr'>w⁰rd⁰¹¹2</span> <span class='ocrx_word' id='word_1_307' title='bbox 1220 3407 1264 3428; x_wconf 78' lang='lat'>„</span> <span class='ocrx_word' id='word_1_308' title='bbox 1374 3412 1384 3424; x_wconf 85' lang='grc'><em>,</em></span> 
     </span>
     <span class='ocr_line' id='line_1_37' title="bbox 222 3411 1392 3498; baseline 0 -33"><span class='ocrx_word' id='word_1_309' title='bbox 222 3426 250 3483; x_wconf 83' lang='lat'>11</span> <span class='ocrx_word' id='word_1_310' title='bbox 283 3432 346 3483; x_wconf 74' lang='lat'>154,</span> <span class='ocrx_word' id='word_1_311' title='bbox 374 3434 455 3498; x_wconf 55' lang='lat' dir='ltr'>atqu,</span> <span class='ocrx_word' id='word_1_312' title='bbox 475 3430 627 3498; x_wconf 56' lang='lat' dir='ltr'><strong><em>aliquando</em></strong></span> <span class='ocrx_word' id='word_1_313' title='bbox 646 3445 778 3498; x_wconf 49' lang='lat' dir='ltr'>perorem,</span> <span class='ocrx_word' id='word_1_314' title='bbox 869 3418 912 3466; x_wconf 76' lang='lat'>21.</span> <span class='ocrx_word' id='word_1_315' title='bbox 931 3418 1069 3481; x_wconf 68' lang='lat' dir='ltr'>torperem,</span> <span class='ocrx_word' id='word_1_316' title='bbox 1083 3411 1270 3467; x_wconf 77' lang='lat' dir='ltr'>testehtcmo</span> <span class='ocrx_word' id='word_1_317' title='bbox 1284 3431 1392 3478; x_wconf 74' lang='lat' dir='ltr'>nervos,</span> 
     </span>
    </p>

    <p class='ocr_par' dir='ltr' id='par_1_6' title="bbox 223 3471 1393 3783">
     <span class='ocr_line' id='line_1_38' title="bbox 254 3471 1345 3556; baseline 0 -17"><span class='ocrx_word' id='word_1_318' title='bbox 254 3471 285 3554; x_wconf 64' lang='lat'>²4,</span> <span class='ocrx_word' id='word_1_319' title='bbox 303 3501 330 3554; x_wconf 70' lang='grc' dir='ltr'><strong><em>Α</em></strong></span> <span class='ocrx_word' id='word_1_320' title='bbox 348 3501 541 3556; x_wconf 57' lang='lat' dir='ltr'>commin,</span> <span class='ocrx_word' id='word_1_321' title='bbox 558 3501 699 3555; x_wconf 63' lang='lat' dir='ltr'>mmm</span> <span class='ocrx_word' id='word_1_322' title='bbox 716 3500 779 3554; x_wconf 67' lang='lat' dir='ltr'>am:</span> <span class='ocrx_word' id='word_1_323' title='bbox 834 3482 963 3537; x_wconf 79' lang='lat' dir='ltr'>desselbe</span> <span class='ocrx_word' id='word_1_324' title='bbox 981 3483 1083 3552; x_wconf 80' lang='lat' dir='ltr'>gehdrt</span> <span class='ocrx_word' id='word_1_325' title='bbox 1100 3483 1174 3537; x_wconf 85' lang='lat' dir='ltr'>auch</span> <span class='ocrx_word' id='word_1_326' title='bbox 1191 3500 1225 3538; x_wconf 80' lang='lat' dir='ltr'>au</span> <span class='ocrx_word' id='word_1_327' title='bbox 1242 3483 1345 3540; x_wconf 77' lang='lat' dir='ltr'>uidere.</span> 
     </span>
     <span class='ocr_line' id='line_1_39' title="bbox 223 3553 1151 3639; baseline -0.005 -13"><span class='ocrx_word' id='word_1_328' title='bbox 223 3587 297 3627; x_wconf 68' lang='lat' dir='ltr'>mma</span> <span class='ocrx_word' id='word_1_329' title='bbox 314 3571 456 3639; x_wconf 68' lang='lat' dir='ltr'>acaum,</span> <span class='ocrx_word' id='word_1_330' title='bbox 475 3570 557 3624; x_wconf 72' lang='lat' dir='ltr'>cam</span> <span class='ocrx_word' id='word_1_331' title='bbox 574 3570 614 3624; x_wconf 76' lang='lat' dir='ltr'>im</span> <span class='ocrx_word' id='word_1_332' title='bbox 627 3569 780 3639; x_wconf 70' lang='lat' dir='ltr'>folgenden</span> <span class='ocrx_word' id='word_1_333' title='bbox 869 3570 986 3621; x_wconf 65' lang='lat' dir='ltr'>summ,</span> <span class='ocrx_word' id='word_1_334' title='bbox 1005 3571 1025 3609; x_wconf 73' lang='lat' dir='ltr'>s·</span> <span class='ocrx_word' id='word_1_335' title='bbox 1040 3573 1062 3609; x_wconf 74' lang='lat' dir='ltr'>z·</span> <span class='ocrx_word' id='word_1_336' title='bbox 1077 3553 1097 3622; x_wconf 85' lang='grc' dir='ltr'>Ι,</span> <span class='ocrx_word' id='word_1_337' title='bbox 1108 3559 1151 3608; x_wconf 80' lang='lat'>8⁹·</span> 
     </span>
     <span class='ocr_line' id='line_1_40' title="bbox 223 3641 1393 3712; baseline -0.001 -16"><span class='ocrx_word' id='word_1_338' title='bbox 223 3641 387 3712; x_wconf 79' lang='lat' dir='ltr'>Peragraph</span> <span class='ocrx_word' id='word_1_339' title='bbox 410 3648 523 3698; x_wconf 59' lang='lat' dir='ltr'>meacm</span> <span class='ocrx_word' id='word_1_340' title='bbox 545 3643 580 3697; x_wconf 78' lang='lat' dir='ltr'>ab</span> <span class='ocrx_word' id='word_1_341' title='bbox 606 3641 692 3696; x_wconf 80' lang='lat' dir='ltr'>oeulis</span> <span class='ocrx_word' id='word_1_342' title='bbox 709 3656 780 3698; x_wconf 77' lang='lat' dir='ltr'>sevo-</span> <span class='ocrx_word' id='word_1_343' title='bbox 871 3647 914 3696; x_wconf 78' lang='lat'>23.</span> <span class='ocrx_word' id='word_1_344' title='bbox 937 3642 1073 3700; x_wconf 78' lang='lat' dir='ltr'>dilatuvit.</span> <span class='ocrx_word' id='word_1_345' title='bbox 1117 3641 1218 3696; x_wconf 86' lang='lat' dir='ltr'>Dieser</span> <span class='ocrx_word' id='word_1_346' title='bbox 1243 3641 1393 3696; x_wconf 84' lang='lat' dir='ltr'>Ausdruck</span> 
     </span>
     <span class='ocr_line' id='line_1_41' title="bbox 224 3712 1392 3783; baseline -0.003 -13"><span class='ocrx_word' id='word_1_347' title='bbox 224 3729 293 3770; x_wconf 80' lang='lat' dir='ltr'>aare.</span> <span class='ocrx_word' id='word_1_348' title='bbox 331 3713 358 3767; x_wconf 86' lang='lat' dir='ltr'>S.</span> <span class='ocrx_word' id='word_1_349' title='bbox 373 3731 396 3769; x_wconf 80' lang='lat' dir='ltr'>a.</span> <span class='ocrx_word' id='word_1_350' title='bbox 411 3713 444 3781; x_wconf 82' lang='grc' dir='ltr'>ΙΙ,</span> <span class='ocrx_word' id='word_1_351' title='bbox 453 3718 496 3768; x_wconf 74' lang='lat' dir='ltr'>lt,</span> <span class='ocrx_word' id='word_1_352' title='bbox 834 3712 874 3767; x_wconf 92' lang='lat' dir='ltr'>ist</span> <span class='ocrx_word' id='word_1_353' title='bbox 891 3713 1016 3783; x_wconf 70' lang='lat' dir='ltr'>gewthlt</span> <span class='ocrx_word' id='word_1_354' title='bbox 1038 3713 1092 3767; x_wconf 91' lang='lat' dir='ltr'>mit</span> <span class='ocrx_word' id='word_1_355' title='bbox 1109 3712 1264 3768; x_wconf 77' lang='lat' dir='ltr'>Rficksicht</span> <span class='ocrx_word' id='word_1_356' title='bbox 1286 3713 1392 3778; x_wconf 82' lang='lat' dir='ltr'>aufll,</span> 
     </span>
    </p>

    <p class='ocr_par' dir='ltr' id='par_1_7' title="bbox 223 3781 1410 4138">
     <span class='ocr_line' id='line_1_42' title="bbox 260 3781 1393 3853; baseline 0.002 -15"><span class='ocrx_word' id='word_1_357' title='bbox 260 3790 285 3838; x_wconf 89' lang='lat'>8.</span> <span class='ocrx_word' id='word_1_358' title='bbox 304 3784 387 3838; x_wconf 80' lang='lat' dir='ltr'>Modo</span> <span class='ocrx_word' id='word_1_359' title='bbox 402 3799 549 3853; x_wconf 72' lang='lat' dir='ltr'>pommus.</span> <span class='ocrx_word' id='word_1_360' title='bbox 585 3781 669 3836; x_wconf 87' lang='lat' dir='ltr'>Diese</span> <span class='ocrx_word' id='word_1_361' title='bbox 684 3782 781 3838; x_wconf 89' lang='lat' dir='ltr'>Worte</span> <span class='ocrx_word' id='word_1_362' title='bbox 835 3791 883 3839; x_wconf 76' lang='lat'>20:</span> <span class='ocrx_word' id='word_1_363' title='bbox 902 3800 971 3853; x_wconf 75' lang='lat' dir='ltr'>quae</span> <span class='ocrx_word' id='word_1_364' title='bbox 989 3785 1145 3839; x_wconf 72' lang='lat' dir='ltr'>dilatamur</span> <span class='ocrx_word' id='word_1_365' title='bbox 1162 3802 1182 3838; x_wconf 87' lang='lat' dir='ltr'><strong><em>a</em></strong></span> <span class='ocrx_word' id='word_1_366' title='bbox 1203 3785 1296 3852; x_wconf 79' lang='lat' dir='ltr'>uobis,</span> <span class='ocrx_word' id='word_1_367' title='bbox 1322 3785 1393 3839; x_wconf 74' lang='lat' dir='ltr'>chw</span> 
     </span>
     <span class='ocr_line' id='line_1_43' title="bbox 224 3853 1410 3925; baseline 0 -18"><span class='ocrx_word' id='word_1_368' title='bbox 224 3853 538 3909; x_wconf 79' lang='lat' dir='ltr'>schliessensichanein</span> <span class='ocrx_word' id='word_1_369' title='bbox 548 3871 581 3907; x_wconf 84' lang='lat' dir='ltr'>zu</span> <span class='ocrx_word' id='word_1_370' title='bbox 593 3869 624 3907; x_wconf 87' lang='lat' dir='ltr'>er</span> <span class='ocrx_word' id='word_1_371' title='bbox 645 3854 782 3908; x_wconf 74' lang='lat' dir='ltr'>tnzendes</span> <span class='ocrx_word' id='word_1_372' title='bbox 835 3857 876 3910; x_wconf 84' lang='lat' dir='ltr'>sic</span> <span class='ocrx_word' id='word_1_373' title='bbox 889 3857 1034 3924; x_wconf 76' lang='lat' dir='ltr'>prensctat.</span> <span class='ocrx_word' id='word_1_374' title='bbox 1054 3853 1165 3910; x_wconf 79' lang='lat' dir='ltr'>Gerede</span> <span class='ocrx_word' id='word_1_375' title='bbox 1185 3854 1231 3910; x_wconf 89' lang='lat' dir='ltr'>die</span> <span class='ocrx_word' id='word_1_376' title='bbox 1245 3855 1410 3925; x_wconf 51' lang='lat' dir='ltr'>gernhmte,</span> 
     </span>
     <span class='ocr_line' id='line_1_44' title="bbox 224 3870 1410 4006; baseline -0.001 -27"><span class='ocrx_word' id='word_1_377' title='bbox 224 3925 426 4005; x_wconf 70' lang='lat' dir='ltr'>concederemus</span> <span class='ocrx_word' id='word_1_378' title='bbox 443 3940 488 3979; x_wconf 85' lang='lat' dir='ltr'>an.</span> <span class='ocrx_word' id='word_1_379' title='bbox 525 3925 609 3979; x_wconf 88' lang='lat' dir='ltr'>Diese</span> <span class='ocrx_word' id='word_1_380' title='bbox 625 3870 714 4006; x_wconf 62' lang='lat' dir='ltr'>Ziorm</span> <span class='ocrx_word' id='word_1_381' title='bbox 732 3924 781 3979; x_wconf 92' lang='lat' dir='ltr'>des</span> <span class='ocrx_word' id='word_1_382' title='bbox 835 3925 950 3996; x_wconf 86' lang='lat' dir='ltr'>lmappe</span> <span class='ocrx_word' id='word_1_383' title='bbox 970 3924 1227 3996; x_wconf 78' lang='lat' dir='ltr'>Schlulifolgerung</span> <span class='ocrx_word' id='word_1_384' title='bbox 1250 3926 1299 3981; x_wconf 88' lang='lat' dir='ltr'>des</span> <span class='ocrx_word' id='word_1_385' title='bbox 1319 3926 1410 3980; x_wconf 58' lang='lat' dir='ltr'>Zeno*</span> 
     </span>
     <span class='ocr_line' id='line_1_45' title="bbox 224 3993 1394 4066; baseline 0.002 -18"><span class='ocrx_word' id='word_1_386' title='bbox 224 3993 475 4063; x_wconf 71' lang='lat' dir='ltr'>Zugesttndnrsses</span> <span class='ocrx_word' id='word_1_387' title='bbox 493 3995 567 4050; x_wconf 84' lang='lat' dir='ltr'>fehlt</span> <span class='ocrx_word' id='word_1_388' title='bbox 580 3995 675 4066; x_wconf 74' lang='lat' dir='ltr'>htufig</span> <span class='ocrx_word' id='word_1_389' title='bbox 688 4013 719 4050; x_wconf 92' lang='lat' dir='ltr'>1n</span> <span class='ocrx_word' id='word_1_390' title='bbox 732 3996 783 4051; x_wconf 88' lang='lat' dir='ltr'>der</span> <span class='ocrx_word' id='word_1_391' title='bbox 836 3996 887 4051; x_wconf 88' lang='lat' dir='ltr'>hat</span> <span class='ocrx_word' id='word_1_392' title='bbox 896 3997 960 4050; x_wconf 90' lang='lat' dir='ltr'>dem</span> <span class='ocrx_word' id='word_1_393' title='bbox 968 3994 1123 4052; x_wconf 78' lang='lat' dir='ltr'>Godanken</span> <span class='ocrx_word' id='word_1_394' title='bbox 1131 3997 1194 4052; x_wconf 88' lang='lat' dir='ltr'>eine</span> <span class='ocrx_word' id='word_1_395' title='bbox 1202 3996 1394 4066; x_wconf 76' lang='lat' dir='ltr'>Ausdehnung</span> 
     </span>
     <span class='ocr_line' id='line_1_46' title="bbox 223 4063 1392 4138; baseline 0.001 -18"><span class='ocrx_word' id='word_1_396' title='bbox 223 4063 367 4120; x_wconf 81' lang='lat' dir='ltr'>refutatio.</span> <span class='ocrx_word' id='word_1_397' title='bbox 835 4068 965 4138; x_wconf 82' lang='lat' dir='ltr'>gegeben</span> <span class='ocrx_word' id='word_1_398' title='bbox 982 4068 1040 4122; x_wconf 90' lang='lat' dir='ltr'>und</span> <span class='ocrx_word' id='word_1_399' title='bbox 1058 4067 1121 4123; x_wconf 77' lang='lat' dir='ltr'>luat</span> <span class='ocrx_word' id='word_1_400' title='bbox 1139 4067 1202 4123; x_wconf 89' lang='lat' dir='ltr'>eine</span> <span class='ocrx_word' id='word_1_401' title='bbox 1216 4068 1312 4122; x_wconf 90' lang='lat' dir='ltr'>solche</span> <span class='ocrx_word' id='word_1_402' title='bbox 1326 4068 1392 4122; x_wconf 89' lang='lat' dir='ltr'>Ver·</span> 
     </span>
    </p>

    <p class='ocr_par' dir='ltr' id='par_1_8' title="bbox 224 4135 1393 4280">
     <span class='ocr_line' id='line_1_47' title="bbox 262 4135 1393 4209; baseline 0.003 -20"><span class='ocrx_word' id='word_1_403' title='bbox 262 4141 304 4190; x_wconf 91' lang='lat'>10.</span> <span class='ocrx_word' id='word_1_404' title='bbox 319 4135 351 4190; x_wconf 80' lang='lat' dir='ltr'>Si</span> <span class='ocrx_word' id='word_1_405' title='bbox 360 4137 515 4206; x_wconf 71' lang='lat' dir='ltr'>pulchrius,</span> <span class='ocrx_word' id='word_1_406' title='bbox 534 4153 591 4191; x_wconf 85' lang='lat' dir='ltr'>was</span> <span class='ocrx_word' id='word_1_407' title='bbox 611 4136 782 4194; x_wconf 79' lang='lat' dir='ltr'>derStoilrer</span> <span class='ocrx_word' id='word_1_408' title='bbox 835 4139 1077 4209; x_wconf 80' lang='lat' dir='ltr'>allgemeinerung</span> <span class='ocrx_word' id='word_1_409' title='bbox 1093 4138 1241 4195; x_wconf 87' lang='lat' dir='ltr'>desselben</span> <span class='ocrx_word' id='word_1_410' title='bbox 1263 4157 1309 4207; x_wconf 80' lang='lat' dir='ltr'>zu,</span> <span class='ocrx_word' id='word_1_411' title='bbox 1337 4135 1393 4192; x_wconf 73' lang='lat' dir='ltr'>dat</span> 
     </span>
     <span class='ocr_line' id='line_1_48' title="bbox 224 4207 1393 4280; baseline 0 -18"><span class='ocrx_word' id='word_1_412' title='bbox 224 4207 260 4276; x_wconf 89' lang='lat' dir='ltr'>ll,</span> <span class='ocrx_word' id='word_1_413' title='bbox 274 4213 308 4263; x_wconf 82' lang='grc'>47</span> <span class='ocrx_word' id='word_1_414' title='bbox 327 4207 485 4277; x_wconf 88' lang='lat' dir='ltr'>behauptet</span> <span class='ocrx_word' id='word_1_415' title='bbox 501 4209 589 4266; x_wconf 87' lang='lat' dir='ltr'>hatte.</span> <span class='ocrx_word' id='word_1_416' title='bbox 836 4209 882 4264; x_wconf 89' lang='lat' dir='ltr'>die</span> <span class='ocrx_word' id='word_1_417' title='bbox 893 4211 995 4264; x_wconf 86' lang='lat' dir='ltr'>daraus</span> <span class='ocrx_word' id='word_1_418' title='bbox 1004 4209 1393 4280; x_wconf 77' lang='lat' dir='ltr'>gesogenenKonsequenaen</span> 
     </span>
    </p>

    <p class='ocr_par' dir='ltr' id='par_1_9' title="bbox 262 4280 1393 4350">
     <span class='ocr_line' id='line_1_49' title="bbox 262 4280 1393 4350; baseline 0.001 -17"><span class='ocrx_word' id='word_1_419' title='bbox 262 4285 303 4334; x_wconf 75' lang='lat'>12.</span> <span class='ocrx_word' id='word_1_420' title='bbox 323 4281 354 4334; x_wconf 81' lang='lat' dir='ltr'>id</span> <span class='ocrx_word' id='word_1_421' title='bbox 370 4280 454 4349; x_wconf 78' lang='lat' dir='ltr'>dieis,</span> <span class='ocrx_word' id='word_1_422' title='bbox 473 4296 494 4336; x_wconf 85' lang='lat' dir='ltr'>s.</span> <span class='ocrx_word' id='word_1_423' title='bbox 508 4280 570 4349; x_wconf 77' lang='lat' dir='ltr'>11,i</span> <span class='ocrx_word' id='word_1_424' title='bbox 585 4299 608 4337; x_wconf 80' lang='lat' dir='ltr'>a.</span> <span class='ocrx_word' id='word_1_425' title='bbox 623 4297 655 4337; x_wconf 84' lang='lat' dir='ltr'>co</span> <span class='ocrx_word' id='word_1_426' title='bbox 671 4283 744 4350; x_wconf 76' lang='lat' dir='ltr'>fieta.</span> <span class='ocrx_word' id='word_1_427' title='bbox 835 4280 886 4335; x_wconf 87' lang='lat' dir='ltr'>das</span> <span class='ocrx_word' id='word_1_428' title='bbox 914 4280 1094 4336; x_wconf 77' lang='lat' dir='ltr'>Fehlerhalte</span> <span class='ocrx_word' id='word_1_429' title='bbox 1122 4281 1173 4336; x_wconf 90' lang='lat' dir='ltr'>der</span> <span class='ocrx_word' id='word_1_430' title='bbox 1201 4281 1393 4337; x_wconf 87' lang='lat' dir='ltr'>Zenonischen</span> 
     </span>
    </p>

    <p class='ocr_par' dir='ltr' id='par_1_10' title="bbox 222 4351 1394 4492">
     <span class='ocr_line' id='line_1_50' title="bbox 259 4351 1394 4421; baseline -0.001 -16"><span class='ocrx_word' id='word_1_431' title='bbox 259 4351 337 4405; x_wconf 75' lang='lat' dir='ltr'>rullo</span> <span class='ocrx_word' id='word_1_432' title='bbox 359 4352 437 4406; x_wconf 81' lang='lat' dir='ltr'>modo</span> <span class='ocrx_word' id='word_1_433' title='bbox 459 4368 589 4421; x_wconf 65' lang='lat' dir='ltr'>morsus,</span> <span class='ocrx_word' id='word_1_434' title='bbox 617 4369 639 4408; x_wconf 88' lang='lat' dir='ltr'>s.</span> <span class='ocrx_word' id='word_1_435' title='bbox 662 4352 683 4421; x_wconf 85' lang='grc' dir='ltr'>Ι,</span> <span class='ocrx_word' id='word_1_436' title='bbox 703 4359 737 4409; x_wconf 73' lang='grc'>37</span> <span class='ocrx_word' id='word_1_437' title='bbox 757 4371 780 4407; x_wconf 82' lang='lat' dir='ltr'>a.</span> <span class='ocrx_word' id='word_1_438' title='bbox 834 4351 1071 4421; x_wconf 79' lang='lat' dir='ltr'>Argumentation</span> <span class='ocrx_word' id='word_1_439' title='bbox 1119 4352 1208 4407; x_wconf 84' lang='lat' dir='ltr'>sofort</span> <span class='ocrx_word' id='word_1_440' title='bbox 1252 4352 1394 4408; x_wconf 81' lang='lat' dir='ltr'>erkennen</span> 
     </span>
     <span class='ocr_line' id='line_1_51' title="bbox 222 4423 935 4492; baseline 0.003 -16"><span class='ocrx_word' id='word_1_441' title='bbox 222 4437 360 4490; x_wconf 73' lang='lat' dir='ltr'>nusquam</span> <span class='ocrx_word' id='word_1_442' title='bbox 373 4438 497 4492; x_wconf 59' lang='lat' dir='ltr'>morsus.</span> <span class='ocrx_word' id='word_1_443' title='bbox 834 4423 935 4478; x_wconf 77' lang='lat' dir='ltr'>lusson.</span> 
     </span>
    </p>
   </div>
   <div class='ocr_carea' id='block_1_4' title="bbox 833 3175 1412 3321">
    <p class='ocr_par' dir='ltr' id='par_1_11' title="bbox 833 3175 1412 3321">
     <span class='ocr_line' id='line_1_52' title="bbox 833 3175 1412 3236; baseline -0.003 0"><span class='ocrx_word' id='word_1_444' title='bbox 833 3179 897 3236; x_wconf 76' lang='lat' dir='ltr'>Deli</span> <span class='ocrx_word' id='word_1_445' title='bbox 925 3180 971 3234; x_wconf 89' lang='lat' dir='ltr'>die</span> <span class='ocrx_word' id='word_1_446' title='bbox 999 3179 1111 3235; x_wconf 84' lang='lat' dir='ltr'>Stoiker</span> <span class='ocrx_word' id='word_1_447' title='bbox 1141 3181 1262 3236; x_wconf 74' lang='lat' dir='ltr'>dartbar</span> <span class='ocrx_word' id='word_1_448' title='bbox 1290 3175 1412 3235; x_wconf 72' lang='lat' dir='ltr'>anderu</span> 
     </span>
     <span class='ocr_line' id='line_1_53' title="bbox 833 3251 1393 3321; baseline 0 -16"><span class='ocrx_word' id='word_1_449' title='bbox 833 3251 946 3306; x_wconf 78' lang='lat' dir='ltr'>denken</span> <span class='ocrx_word' id='word_1_450' title='bbox 984 3251 1023 3306; x_wconf 87' lang='lat' dir='ltr'>ist</span> <span class='ocrx_word' id='word_1_451' title='bbox 1056 3270 1079 3308; x_wconf 83' lang='lat' dir='ltr'>s.</span> <span class='ocrx_word' id='word_1_452' title='bbox 1121 3252 1159 3321; x_wconf 89' lang='lat' dir='ltr'>Il,</span> <span class='ocrx_word' id='word_1_453' title='bbox 1193 3259 1227 3308; x_wconf 84' lang='grc'>33</span> <span class='ocrx_word' id='word_1_454' title='bbox 1263 3251 1393 3307; x_wconf 87' lang='lat' dir='ltr'>bemerkt</span> 
     </span>
    </p>
   </div>
   <div class='ocr_carea' id='block_1_5' title="bbox 0 0 1444 4864">
    <p class='ocr_par' dir='ltr' id='par_1_12' title="bbox 0 0 1444 4864">
     <span class='ocr_line' id='line_1_54' title="bbox 0 0 1444 4864; baseline 0 0"><span class='ocrx_word' id='word_1_455' title='bbox 0 0 1444 4864; x_wconf 95' lang='lat' dir='ltr'> </span> 
     </span>
    </p>
   </div>
  </div>
 </body>
</html>
