2852 4864
301 223 302 226 ’
384 249 884 318 n13.11.0AP.ac-ae.sea-ec.
1154 258 1218 322 149

1197 338 1208 368 ·

37 415 133 480 locus
171 417 222 478 est
257 413 440 498 proximus,
477 415 662 500 suspexisse
698 416 877 482 videantur.
932 416 1102 482 Praeclare
1137 427 1272 504 ergoet

39 502 255 568 Aristoteles:
279 500 337 566 ‘Si
371 499 525 589 essent',
554 505 676 591 inquit,
704 503 788 591 ‘qui
825 506 894 570 sub
926 509 1032 571 terra
1069 529 1218 591 semper

40 591 336 656 habitavissent
368 591 481 658 bonis
514 597 552 658 et
587 594 826 660 inlustribus
862 594 1092 680 domiciliis,
1122 618 1217 681 quae

42 685 178 746 essent
202 684 340 745 ornata
353 681 478 767 signis
494 686 610 768 atque
624 683 795 767 picturis
810 683 1089 768 instructaque
1102 684 1217 749 rebus

15 770 93 835 siis
120 769 312 854 omnibus,
335 770 476 854 quibus
501 769 701 836 abunda‘nt
723 772 766 856 ii,
790 772 855 857 qui
878 772 985 837 beati
1013 777 1219 857 putantur,

40 881 113 923 nec
136 862 265 923 tamen
289 859 465 924 exissent
497 883 675 946 umquam
708 884 824 945 supra
856 865 1014 946 terram,
1047 862 1220 946 accepis·

42 951 132 1014 sent
155 951 284 1012 autem
307 947 409 1012 fama
441 953 478 1013 et
511 950 712 1014 auditione
745 973 828 1015 esse
862 950 1050 1035 quoddam
1079 973 1220 1015 numen

43 1041 81 1102 et
106 1035 182 1101 vim
206 1036 375 1121 deorum,
398 1036 534 1102 deinde
557 1038 689 1123 aliquo
713 1043 886 1123 tempore
905 1039 1122 1124 patefactis
1145 1043 1219 1103 ter-

41 1147 111 1191 rae
132 1124 312 1190 faucibus
338 1149 380 1190 ex
403 1126 487 1192 illis
511 1127 658 1192 abditis
687 1128 845 1193 sedibus
871 1126 1031 1193 evadere
1058 1128 1099 1191 in
1124 1127 1220 1192 haee

15 1216 145 1299 clooa,
169 1237 266 1299 quae
285 1237 354 1280 nos
373 1215 596 1302 incolimus,
619 1221 736 1302 atque
755 1217 859 1282 exire
872 1216 1112 1300 potuissent:
1136 1238 1219 1281 cum

42 1307 208 1388 repente
231 1307 374 1368 terram
398 1308 436 1368 et
458 1305 580 1370 maria
595 1307 818 1391 caelumque
839 1306 1046 1391 vidissent,
1059 1305 1219 1370 nubium

42 1391 359 1480 magnitudinem
372 1398 654 1480 ventorumque
668 1395 744 1460 vim
759 1394 1219 1480 cognovissentaspexis-

43 1487 211 1566 sentque
248 1482 369 1546 solem
401 1482 560 1567 eiusque
591 1506 673 1548 cum
702 1483 1014 1570 magnitudinem
1041 1483 1219 1568 pulchri-

43 1571 316 1656 tudinemque,
353 1575 433 1636 tum
470 1571 588 1636 etiam
630 1572 891 1638 efficientiam
929 1571 1221 1658 cognovissent,

15 1660 150 1746 equod
172 1659 205 1724 is
230 1660 330 1724 diem
355 1660 539 1726 efficeret
562 1665 648 1726 toto
681 1662 788 1727 caelo
824 1663 909 1726 luce
942 1661 1104 1747 diffusa3
1138 1683 1220 1726 cum

43 1753 179 1814 autem
201 1753 328 1814 terras
351 1771 431 1814 nox
455 1755 675 1835 opacasset,
697 1755 778 1815 tum
807 1751 955 1815 caelum
984 1754 1112 1815 totum
1141 1771 1221 1814 eer-

41 1841 188 1903 nerent
211 1837 330 1902 astris
354 1835 588 1903 distinctum
616 1843 654 1904 et
682 1842 860 1904 ornatum
887 1839 1079 1924 lunaeque
1106 1837 1220 1901 lumi-

42 1950 136 1992 num
176 1926 415 1991 varietatem
454 1931 535 1991 tum
577 1927 805 2013 crescentis,
853 1931 934 1992 tum
976 1926 1219 1991 senescentis

44 2037 258 2101 eorumque
282 2016 451 2080 omnium
484 2021 593 2082 ortus
626 2020 666 2081 et
697 2038 857 2082 occasus
890 2020 1005 2102 atque
1041 2015 1081 2079 in
1118 2015 1221 2080 omni

15 2105 287 2172 caeternitate
322 2111 432 2171 ratos
462 2107 805 2193 immutabilesque
837 2128 987 2191 cursus,
1020 2127 1221 2190 quaecum

43 2196 243 2280 viderent,
266 2195 446 2280 profecto
476 2200 514 2261 et
532 2219 617 2261 esse
641 2197 733 2261 deos
758 2201 796 2261 et
824 2195 920 2260 haec
956 2199 1070 2259 tanta
1103 2216 1221 2278 opera
1241 2229 1282 2294 38

16 2365 17 2370 ἵ
44 2285 205 2349 deorum
229 2306 312 2349 esse
335 2281 642 2350 arbitrarentur?
668 2284 778 2370 Atque
800 2285 882 2349 haec
906 2283 1118 2370 quidem'ille.
1150 2281 1220 2347 Nos
1241 2320 1275 2368 96

44 2377 161 2439 autem
183 2373 334 2438 tenebras
359 2373 541 2459 cogitemus
561 2378 685 2459 tantas,
709 2377 850 2459 quantae
869 2374 1033 2458 quondam
1052 2371 1222 2458 eruptione

43 2462 271 2527 Aetnaeorum
293 2461 421 2548 ignium
443 2463 600 2527 finitimas
628 2463 778 2549 regiones
809 2462 1033 2527 obscuravisse
1061 2461 1223 2544 dicuntur,

15 2556 86 2617 tut
109 2573 168 2635 per
186 2550 321 2615 biduum
342 2573 439 2616 nemo
462 2551 629 2616 hominem
655 2551 755 2616 homo
779 2555 983 2638 agnosceret,
1012 2572 1086 2614 cum
1113 2553 1222 2613 autem

44 2640 151 2707 tertio
174 2639 225 2704 die
253 2640 302 2705 sol
334 2639 520 2725 inluxisset,
552 2645 624 2705 tum
660 2644 698 2704 ut
734 2641 890 2705 revixisse
927 2639 991 2704 sibi
1026 2637 1221 2702 viderentur.

46 2728 175 2806 Quodsi
196 2728 260 2794 hoe
281 2728 368 2794 idem
391 2752 431 2794 ex
454 2729 594 2794 aeternis
617 2729 762 2794 tenebris
793 2727 1010 2813 contingeret,
1042 2730 1080 2790 ut
1112 2725 1222 2790 subito

85 2945 111 2994 2.
130 2940 300 3006 Aristoteles,
319 2939 555 2995 wahrscheinlioh
580 2939 610 2993 in
665 2938 747 2994 einen
765 2938 817 2993 Ort
835 2938 1060 3004 ausaudrficlren,
1081 2936 1131 2991 vie
1162 2943 1222 3002 139,
1267 2969 1270 2976 ·

46 3011 101 3066 der
127 3011 215 3064 sehon
242 3010 262 3078 1,
281 3017 314 3066 33
344 3011 475 3066 citierten
503 3011 610 3066 Schrift
665 3017 795 3066 1412toto
810 3027 928 3080 corpore,
944 3008 1020 3063 Caes.
1031 3009 1058 3064 b.
1070 3025 1093 3064 c.
1103 3009 1152 3077 Ill,
1163 3014 1222 3074 aa:

44 3082 116 3151 περὶ
135 3084 312 3150 φιλοσοφίας.
611 3147 613 3150 ¹
663 3083 739 3137 amai
769 3099 820 3137 ora
850 3083 992 3136 maritima
1024 3082 1135 3135 abessem
1166 3081 1221 3135 dis·

87 3161 111 3208 3.
145 3154 223 3208 boaie
256 3186 288 3194 -
321 3155 475 3208 domiciliis.
513 3154 608 3208 Ablat.
658 3159 798 3223 posuerat.
811 3151 876 3222 Vgl.
890 3152 924 3219 Il,
936 3158 1000 3206 103:
1017 3153 1101 3206 isdem
1115 3152 1222 3221 spatiis.

46 3224 115 3279 loci.
144 3224 208 3293 Vgl.
232 3225 311 3281 Verr.
335 3225 369 3294 Il,
391 3231 453 3280 136:
483 3227 610 3279 omaibas
700 3231 742 3278 19.
761 3225 793 3278 ia
810 3225 886 3278 amai
904 3225 1071 3289 aeternitate,
1091 3227 1223 3287 s.a.§51.

46 3296 160 3366 oppidis
178 3312 303 3367 repaaeee
320 3295 378 3349 und
394 3295 503 3350 daubei
514 3295 610 3350 Cicero
701 3302 743 3350 20.
762 3311 832 3364 qaae
855 3312 916 3350 cam
939 3295 1073 3363 cidereat,
1096 3309 1163 3346 man
1182 3309 1224 3346 er·

46 3365 375 3434 hitufigerenLocativus
395 3369 456 3421 orbi
473 3373 611 3422 terraram
665 3369 766 3421 vertet
782 3367 857 3432 haec,
877 3367 913 3419 da
931 3365 993 3419 hier
1012 3364 1062 3419 der
1080 3364 1221 3418 Nachsatz

47 3438 142 3508 (Verr.
158 3436 204 3506 IV,
222 3445 265 3505 82,
285 3456 312 3508 p.
333 3437 403 3492 Sest.
428 3444 470 3505 66,
490 3438 524 3492 de
536 3438 610 3492 dom.
665 3436 796 3506 beginnt,
816 3437 878 3491 eine
897 3435 1096 3502 Anakoluthie‚
1117 3434 1162 3489 die
1177 3434 1225 3490 bei

46 3510 110 3578 24);
140 3509 211 3562 dazu
238 3509 285 3576 Ill,
306 3515 352 3564 37:
380 3510 520 3565 solstitiali
543 3511 611 3564 orbi.
668 3509 717 3562 der
735 3508 831 3576 Lange
855 3509 904 3562 der
923 3506 1042 3560 Periode
1065 3505 1154 3560 leicht
1181 3521 1223 3558 er·

47 3581 76 3635 S.
87 3581 107 3647 I,
120 3585 153 3634 97
169 3599 190 3635 a.
205 3587 286 3634 terra.
665 3579 787 3633 klarlich
816 3578 861 3634 ist.
913 3577 1010 3633 Cicero
1039 3575 1148 3644 endigt,
1182 3575 1225 3628 als

86 3652 252 3706 ialaetribae
266 3648 339 3706 ‘hell
357 3646 535 3706 erleuchtet'.
666 3668 748 3705 wenn
758 3666 788 3704 er
796 3649 842 3704 die
850 3648 1123 3716 Periodebegonnen
1130 3647 1223 3700 h'atte:

87 3728 111 3776 6.
133 3724 205 3777 beati
230 3721 292 3775 sind
320 3721 489 3792 diejmigen,
518 3723 610 3776 denen
663 3725 800 3792 fingamus
815 3738 870 3776 esee
887 3721 1016 3786 homiues,
1034 3719 1083 3787 qai
1101 3719 1154 3771 etc.

47 3792 108 3848 alle
126 3793 221 3848 Illittel
241 3811 274 3847 zu
293 3792 401 3848 Gebote
427 3794 535 3862 stehen,
563 3812 611 3847 um
700 3800 743 3848 23.
758 3795 898 3862 eruptione
911 3792 1094 3845 Aetaaeoram
1108 3791 1224 3859 ipaivaa.

47 3865 113 3919 sich
128 3864 215 3934 jeden
233 3865 363 3918 Komfort
381 3865 430 3918 des
450 3864 558 3919 Lebens
578 3883 612 3918 au
667 3863 743 3919 Serv.
767 3883 790 3920 z.
810 3863 893 3932 Verg.
920 3860 1022 3930 Georg.
1042 3865 1109 3914 472:
1135 3861 1226 3915 Tacta

47 3932 455 4005 verschaffen,‘vvohlhabend,
471 3931 611 3990 reich’.-
665 3933 1226 4004 flammacateraortemansarieeaAetaa

48 4007 111 4063 Cat.
123 4007 158 4070 ΙΙ,
166 4014 214 4061 20:
224 4009 370 4076 aedificaret
385 4015 523 4077 tamquam
531 4008 610 4062 beati.
666 4007 881 4075 moctedeflaait,
892 4011 924 4060 at
933 4021 990 4060 aoa
1000 4011 1109 4060 taataae
1118 4004 1227 4058 cieiaae

47 4079 130 4133 Verr.
145 4078 192 4146 IV,
205 4085 271 4132 126:
290 4079 424 4134 Nostram
442 4095 519 4133 aaae
538 4079 612 4147 qais·
665 4077 746 4132 arbee
756 4079 802 4132 sed
816 4079 898 4133 etiam
908 4076 1014 4146 Ellopia
1031 4077 1131 4131 civitae
1144 4077 1225 4144 affla-

48 4167 110 4220 aaa,
121 4152 170 4218 qai
179 4156 235 4204 tam
246 4151 330 4217 beati,
346 4167 428 4218 qaam
442 4151 546 4217 isteeet,
556 4166 614 4204 aaa
666 4155 750 4203 retur.

47 4237 155 4288 saraae,
162 4228 218 4276 tam
224 4222 334 4276 delicati
341 4236 611 4290 esseaoapossamaa
703 4225 745 4273 26.
764 4225 796 4273 at
813 4219 955 4284 reuixisse,
973 4223 1005 4272 at
1019 4217 1068 4270 der
1082 4214 1226 4269 Deutlich-

87 4287 613 4348 15.totocaelo‘1'ibor-’.Derblolle
666 4290 728 4344 keil
754 4290 854 4344 halber
886 4288 1066 4353 wiederholt,
1099 4285 1153 4339 vie
1186 4287 1228 4338 olt

47 4363 146 4418 Ablat.
175 4363 207 4416 in
232 4362 417 4432 Verbindung
448 4363 501 4416 mit
531 4370 614 4430 totae,
667 4361 739 4415 nach
760 4360 1011 4414 Zwischens'atzen.

47 4436 155 4505 omis,
179 4452 228 4488 um
255 4435 303 4502 die
329 4434 519 4503 Verbreitung
546 4434 615 4488 tiber
705 4438 747 4488 27.
766 4433 815 4487 boc
830 4463 863 4472 -
877 4437 922 4498 at,
942 4447 963 4485 s.
978 4429 1055 4498 liar
1069 4446 1091 4481 a.
1108 4427 1193 4498 Quod.
