2832 4870
129 240 196 306 220
512 235 562 290 Dll
580 235 733 290 NATURA
751 234 916 290 DEORUM.

129 421 199 464 rem
228 397 362 485 habere,
392 404 491 485 atque
522 399 692 465 hominum
730 398 842 484 opinio
875 399 933 484 sit;
965 421 1022 464 eos
1050 399 1151 485 enim,
1183 400 1242 487 qui
1274 400 1313 464 di

68 487 112 555 25
131 489 350 574 appellantur,
373 511 480 554 rerum
513 493 648 553 naturas
681 510 765 572 esse,
797 509 864 553 non
895 488 1018 574 figiuas
1051 489 1195 554 deorum.
1243 487 1313 564 Qui

131 581 243 642 tantus
267 600 358 642 error
380 577 457 662 fuit,
480 582 518 642 ut
540 576 732 662 perniciosis
756 577 856 642 etiam
878 577 976 642 rebus
994 599 1062 641 non
1079 581 1168 643 modo
1186 600 1313 643 nomen

131 666 265 731 deorum
288 667 501 750 tribueretur,
525 666 581 730 sed
605 666 704 730 etiam
731 687 825 730 sacra
856 665 1143 731 constituerentur.
1189 666 1310 730 Febris

131 754 219 819 enim
240 755 353 819 fanum
376 755 412 819 in
434 754 562 820 Palatio
586 759 620 820 et
643 755 782 820 Orbonae
804 756 847 820 ad
868 755 981 820 aedem
1003 753 1125 819 Larum
1153 760 1187 820 et
1213 774 1348 820 arama

78 855 113 905 61
131 841 237 908 Malae
259 842 425 908 Fortunae
448 843 607 929 Esquiliis
631 847 830 909 cosecratam
857 843 1013 908 videmus.
1060 843 1174 909 Omnis
1201 843 1311 930 igitur

131 931 207 996 talis
230 955 251 996 e
272 932 481 1017 philosophie
502 933 645 1018 pellatur
667 954 772 1018 error,
795 936 846 1016 ut,
870 953 944 996 cum
972 933 1011 997 de
1034 933 1083 997 dis
1113 933 1312 998 immortali-

132 1021 193 1086 bus
217 1021 434 1106 disputemus,
457 1021 602 1086 dicamus
626 1021 726 1108 digna
753 1021 803 1086 dis
834 1021 1091 1106 immortalibus;
1119 1022 1157 1086 de
1185 1021 1310 1106 quibus

131 1108 237 1176 habeo
260 1110 331 1195 ipse
358 1111 445 1197 quod
478 1110 632 1195 sentiam,
663 1131 730 1174 non
761 1109 866 1175 habeo
899 1114 1010 1174 autem
1042 1111 1128 1194 quod
1160 1109 1223 1174 tibi
1252 1110 1311 1174 ad-

132 1199 265 1264 sentiar.
310 1197 502 1284 Neptunum
525 1221 596 1264 esse
620 1198 700 1264 dicis
724 1198 870 1264 animum
893 1221 967 1264 cum
989 1199 1217 1285 intellegentia
1248 1221 1311 1282 per
1330 1220 1363 1260 ro

133 1310 222 1352 mere
243 1289 476 1374 pertinentem,
506 1288 592 1352 idem
615 1288 655 1352 de
678 1284 803 1352 Cerere.
848 1287 953 1352 Istam
980 1292 1091 1352 autem
1117 1288 1312 1374 intellegen-

133 1376 214 1441 tiam
237 1382 295 1442 eut
317 1377 418 1442 maris
446 1381 503 1442 aut
533 1381 640 1442 terrae
668 1398 736 1441 non
768 1375 865 1441 modo
893 1375 1165 1460 comprehendere
1188 1377 1312 1460 animo,

134 1465 254 1530 sedne
277 1466 462 1550 suspicione
486 1465 617 1552 quidem
644 1487 778 1550 possum
810 1466 983 1552 attingere.
1033 1465 1149 1550 Itaque
1177 1465 1312 1530 aliunde

133 1553 216 1617 mihi
230 1555 450 1638 quaerendum
465 1560 529 1639 est,
548 1560 587 1619 ut
605 1558 638 1619 et
656 1577 727 1620 esse
746 1555 838 1639 deos,
858 1559 891 1619 et
909 1555 1021 1640 quales
1041 1555 1108 1620 sint
1122 1553 1164 1638 di,
1183 1554 1312 1619 discere

134 1641 273 1727 possim;
297 1643 408 1727 quales
432 1647 470 1708 tu
493 1665 548 1708 eos
572 1666 643 1708 esse
665 1644 725 1729 vis,
747 1665 811 1708 aaa
833 1665 895 1708 esse
917 1646 987 1708 scio.
1332 1665 1365 1706 ra

82 1743 116 1794 61
226 1729 402 1797 Videamus
426 1754 477 1816 ea,
500 1755 583 1818 quae
606 1736 800 1818 sequunturr
829 1732 972 1817 primum
999 1732 1175 1798 deorumne
1201 1731 1312 1816 provi-

135 1818 246 1884 dentia
268 1821 407 1885 mundus
431 1827 577 1907 regatur,
600 1821 715 1886 deinde
738 1821 952 1886 consulantne
975 1821 1008 1885 di
1026 1822 1123 1886 rebus
1147 1820 1311 1885 humenis.

134 1909 226 1974 llaec
248 1909 336 1974 enim
359 1909 441 1974 mihi
464 1932 503 1975 ex
526 1915 584 1976 tua
606 1911 785 1995 partitione
807 1915 934 1975 restant
956 1910 1034 1995 duo,
1057 1911 1096 1974 de
1120 1910 1252 1995 quibus,
1282 1909 1313 1973 si

134 1998 228 2063 vobis
251 1999 393 2084 videtur,
415 1999 599 2065 accuratius
622 1999 846 2064 disserendum
867 2004 959 2084 puto.
995 1998 1079 2063 Mihi
1096 2021 1183 2084 vero,
1200 1998 1313 2083 inquit

135 2085 298 2172 Velleius,
320 2089 414 2153 valde
436 2088 578 2174 videtur3
600 2111 678 2157 nam
701 2093 735 2153 et
757 2088 883 2153 maiora
906 2092 1058 2172 exspecto
1087 2093 1120 2152 et
1147 2087 1202 2173 iis,
1226 2109 1312 2172 quae
1332 2111 1365 2151 eo

136 2175 224 2241 dicta
247 2182 340 2262 sunt,
363 2178 572 2243 vehementer
595 2177 770 2242 adsentior.
815 2176 898 2241 Tum
931 2175 1067 2242 Balbus:
1095 2176 1313 2261 Interpellare

136 2269 182 2350 te,
205 2265 327 2351 inquit,
350 2263 462 2350 Cotta,
484 2267 576 2351 nolo,
594 2266 651 2331 sed
669 2265 692 2351 †
711 2288 876 2331 sumemus
895 2270 1024 2350 tempus
1043 2265 1145 2350 aliud,
1169 2265 1314 2330 efficiam

135 2353 298 2439 profecto,
320 2359 359 2419 ut
381 2354 513 2420 fateare.
560 2353 704 2421 Sed...

172 2570 198 2619 2.
229 2581 322 2620 reram
357 2571 475 2621 amarae
516 2595 550 2606 ·-
590 2566 696 2636 tyrcae
786 2569 810 2621 9.
829 2566 946 2620 sentam
964 2595 998 2605 -
1012 2565 1161 2620 adsmiiar.
1196 2563 1223 2618 S.
1237 2563 1258 2630 Ι,
1280 2570 1313 2618 17

136 2636 257 2704 monim,
276 2636 341 2690 dem
359 2635 446 2691 Sinne
464 2636 538 2690 nach
549 2635 696 2705 gleichrcs
749 2653 771 2690 a.
786 2637 939 2691 adiutorem
958 2667 991 2676 -
1011 2637 1172 2692 auditorem.

137 2736 171 2747 -
190 2708 260 2762 deos.
298 2707 324 2762 S.
340 2708 360 2776 l,
375 2715 410 2763 13
429 2726 452 2763 a.
475 2709 565 2762 animi
582 2714 695 2762 catara.
787 2713 828 2761 10.
848 2709 973 2762 animam
992 2724 1052 2762 cam
1071 2707 1270 2778 intellepeatia,
1290 2723 1313 2760 s.

174 2785 198 2832 5.
217 2780 249 2833 ia
266 2779 384 2834 Palatio.
404 2777 564 2833 Aullerdem
582 2778 696 2833 werden
749 2776 783 2846 ll,
806 2782 858 2832 144
890 2797 911 2832 a.
935 2779 1065 2834 introitus
1093 2795 1154 2833 cam
1187 2779 1313 2847 flexibus.

136 2848 696 2920 nochzweiHeiligtumerdieserGottin
750 2847 804 2902 Zur
822 2848 912 2904 Sache
932 2867 953 2905 s.
970 2850 1002 2915 lI,
1014 2855 1056 2904 71.

138 2921 272 2989 erwehnt,
292 2921 344 2975 auf
359 2921 423 2976 dem
437 2920 632 2989 Esquilinund
647 2920 699 2974 aul
787 2927 828 2975 11.
847 2921 930 2986 1116111,
950 2936 1029 2974 wenn
1052 2921 1125 2974 euch
1147 2918 1230 2973 nicht
1247 2919 1313 2973 das·

138 2990 203 3044 dem
222 2990 359 3054 Quirinal.
382 2993 435 3046 Die
445 2991 700 3061 verhttltnismeilig
753 2991 840 3058 solbe,
860 3009 890 3047 so
910 2992 984 3045 doch
1002 2991 1156 3046 thnliohes.
1182 2989 1209 3045 S.
1224 2991 1314 3056 liri.

138 3061 228 3132 grolle
264 3062 332 3116 Zehl
375 3063 450 3117 ihrer
490 3063 699 3118 Kultuestbtten
789 3066 981 3128 §confictor
998 3065 1181 3126 Hauptteil.
1204 3063 1316 3114 Kritik

137 3132 227 3186 findet
245 3132 306 3188 ihre
320 3133 481 3204 Erklitrung
497 3133 528 3188 in
547 3134 611 3188 dem
630 3135 699 3188 hau·
754 3135 812 3186 der
842 3137 1006 3188 stoieehen
1029 3137 1133 3187 Lehre
1165 3149 1232 3186 von
1255 3135 1315 3186 der

137 3204 214 3284 figen
242 3206 390 3259 Auitreten
422 3205 514 3260 dieses
542 3193 629 3260 llbels
661 3206 700 3258 im
754 3208 933 3270 gottlichen
946 3207 1138 3270 Vorsehung
1147 3206 1215 3258 und
1226 3207 1315 3257 ihrer

139 3274 303 3329 T1berthele
313 3275 370 3328 und
381 3275 410 3328 in
421 3275 484 3330 dem
494 3275 621 3340 Streben,
637 3277 700 3330 das·
755 3279 1024 3342 weltregierung.
1046 3274 1145 3331 1116161
1158 3275 1316 3330 Absohnitt

139 3345 217 3400 selbe
242 3347 331 3400 durch
354 3345 506 3415 religionen
527 3346 627 3400 Dienst
652 3348 701 3401 ab·
755 3347 794 3401 ist
811 3347 856 3401 bis
876 3347 926 3401 auf
942 3347 1051 3417 wenige
1069 3347 1166 3401 Zeilen
1184 3347 1315 3401 verloren

138 3417 300 3472 anwenden.
754 3434 910 3488 gegangen.
949 3417 1012 3471 Dall
1031 3417 1077 3472 die
1092 3417 1187 3472 Liicke
1206 3417 1315 3471 bedeu-

177 3487 309 3545 Orboaae.
343 3488 461 3544 Tertull.
474 3488 511 3542 ed
525 3490 583 3542 nat.
605 3488 698 3555 11111
753 3489 820 3543 tend
834 3489 880 3556 ist,
896 3489 971 3543 sieht
985 3506 1049 3542 man
1064 3505 1114 3542 aus
1129 3489 1185 3543 den
1195 3488 1316 3542 Worten

139 3575 209 3628 qaae
235 3562 267 3615 ia
294 3562 436 3616 orbitatem
469 3563 506 3629 (=
521 3559 699 3630 caecitatem)
754 3561 803 3614 des
823 3559 906 3615 Cotta
924 3566 938 3625 ς
954 3565 1000 3622 65,
1026 3576 1069 3613 wo
1095 3576 1125 3614 er
1153 3558 1232 3614 seine
1256 3559 1315 3612 Ab·

140 3632 416 3703 lamiaaecctiapaii,
435 3631 699 3688 alsoeiner'lodes-
755 3631 841 3699 sicht,
875 3629 1082 3685 eusl'i'ihrlicher
1113 3631 1184 3684 uber
1216 3629 1316 3683 diesen

140 3703 246 3771 gottin,
266 3704 312 3758 die
336 3707 386 3758 das
411 3703 496 3758 Licht
522 3704 572 3758 der
597 3708 700 3772 Augen
753 3701 933 3770 Gegenstend
953 3719 986 3754 zu
1004 3702 1103 3770 reden,
1127 3701 1206 3755 kund
1224 3700 1315 3770 giebt.

140 3773 293 3830 ausldscht.
791 3779 831 3827 18.
851 3790 884 3827 ea
898 3780 948 3827 taa
961 3774 1124 3842 partitiom,
1138 3791 1160 3826 s.
1177 3772 1224 3838 lll,
1235 3779 1258 3826 6.

175 3845 283 3899 Laram
306 3863 344 3900 sc.
366 3847 554 3914 publicorum,
580 3861 617 3897 an
650 3844 700 3897 der
789 3850 832 3900 22.
851 3845 897 3899 sed
925 3846 943 3916 †
970 3860 1113 3898 sumemus.
1160 3843 1242 3896 Nach
1268 3845 1316 3899 ced

140 3914 335 3970 Nordostseite
354 3917 404 3970 des
423 3915 543 3984 Palatin‚
568 3915 619 3968 auf
649 3914 699 3968 der
753 3916 822 3967 muli
841 3914 949 3984 einiger
976 3913 1251 3984 ausgefallensein,
1279 3915 1316 3967 de

140 3985 222 4040 the
242 3987 292 4040 der
314 3987 366 4041 Via
384 4003 473 4041 sacra.
754 3985 800 4039 die
832 3985 930 4040 Worte
961 3987 1008 4040 sed
1044 4002 1180 4041 camerarie
1210 3992 1316 4054 tempas

177 4063 202 4111 6.
235 4056 372 4126 Esquiliis
407 4057 478 4111 wird
520 4055 699 4126 gewdhnlich
753 4058 833 4112 aliud
857 4057 959 4112 keinen
984 4056 1142 4126 Gegensata
1172 4056 1315 4111 111111161-

111 4133 113 4140 ’
140 4127 214 4181 nach
243 4130 295 4181 Art
322 4128 372 4182 der
400 4126 601 4182 Sttdtenamen
629 4127 698 4183 kon-
749 4130 854 4198 pallara
872 4134 897 4183 te
914 4130 976 4183 aolo
996 4128 1142 4182 enthalten
1164 4128 1222 4181 und
1242 4129 1317 4182 auch

142 4198 265 4268 struiert,
285 4199 418 4253 wahrend
438 4198 485 4254 bei
504 4199 559 4253 den
577 4200 700 4254 anderen
755 4200 805 4253 das
824 4199 958 4268 folgende
976 4201 1081 4266 fateare
1090 4197 1138 4252 bei
1146 4199 1197 4253 der
1210 4215 1316 4268 gegan-

143 4269 358 4324 Stadtbezirken
368 4270 413 4323 die
422 4269 600 4340 Prepesition
610 4271 699 4340 regel-
754 4269 892 4338 wtirtigen
907 4270 1018 4325 Gestalt
1036 4271 1086 4324 des
1109 4270 1211 4324 Textes
1230 4270 1317 4323 haum

142 4339 240 4410 mtssig
258 4344 342 4396 steht.
379 4341 444 4411 Vgl.
466 4341 501 4395 de
522 4341 577 4411 leg.
599 4342 632 4411 ll,
652 4347 700 4408 283
755 4341 947 4395 versthndlich
979 4341 1128 4398 erscheint.
1161 4341 1318 4395 Vielleicht

141 4410 201 4466 biv.
217 4413 250 4479 ll,
261 4418 303 4468 28.
756 4411 1316 4483 warfolgenderGedankeausgedrirckt:
