2852 4864
396 197 499 254 11111.
515 196 592 253 ose.
608 203 714 268 ause.
735 203 897 265 cor-101.
1193 203 1236 269 83

65 360 217 446 quicquid
247 381 522 445 supervacaneum
552 360 597 426 sit
626 365 683 426 aut
712 383 809 427 usum
837 383 905 427 non
931 361 1065 448 habeat,
1095 363 1236 428 obstare.

66 449 168 525 Quam
192 449 367 515 molestum
390 453 440 514 est
462 471 527 514 uno
551 449 656 536 digito
678 450 753 534 plus
771 449 904 517 haberet
942 449 1026 527 Quid
1044 451 1114 516 ita?
1151 449 1236 527 Quia

63 559 122 604 nec
144 539 185 602 ad
208 539 349 623 speciem
370 560 430 604 nec
454 538 495 603 ad
517 560 613 603 usum
636 538 737 604 alium
755 539 898 625 quinque
916 540 1109 606 desiderant.
1145 539 1234 605 Tuus

64 631 171 692 autem
194 627 272 692 deus
299 648 367 692 non
393 627 499 714 digito
526 649 592 692 uno
615 627 787 712 redundat,
815 629 872 694 sed
895 629 1015 714 capite,
1043 629 1140 714 collo,
1169 651 1235 694 cer·

34 716 201 801 svicibns,
227 716 399 800 lateribus,
426 716 513 799 alvo,
541 720 649 802 tergo,
675 715 870 804 poplitibus,
897 717 1062 803 manibus,
1089 717 1235 804 pedibus,

63 803 251 890 feminibus,
272 805 429 870 cruribus.
468 804 516 890 si,
533 809 572 869 ut
589 805 785 871 immortalis
804 806 862 891 sit,
881 806 959 892 quid
976 805 1056 872 haec
1074 806 1115 871 ad
1132 807 1235 872 vitam

63 894 207 958 membra
233 893 421 978 pertinent?
454 893 532 978 quid
558 894 630 979 ipsa
656 893 779 959 facies?
825 894 932 980 Magis
959 895 1030 981 illa,
1058 896 1235 980 cerebrum,

63 1005 129 1066 cor,
161 983 346 1067 pulmones,
375 982 477 1068 iecur,
508 981 589 1048 haec
619 982 706 1047 enim
735 987 812 1048 sunt
841 983 1006 1049 domicilia
1034 984 1136 1070 vitae3
1167 984 1234 1049 oris
1254 1037 1297 1102 36

63 1071 192 1156 quidem
221 1070 354 1137 habitus
384 1071 425 1136 ed
454 1071 541 1136 vitae
570 1070 762 1136 firmitatem
791 1071 875 1137 nihil
903 1072 1055 1157 pertinet.
1104 1071 1151 1137 Et
1179 1093 1297 1178 eos100

22 1183 45 1224 ιο
61 1160 283 1244 vituperabas,
307 1159 363 1245 qui
386 1179 426 1225 ex
449 1159 601 1245 operibus
624 1161 808 1246 magnificis
831 1165 929 1246 atque
947 1160 1137 1246 praeclaris,
1158 1178 1235 1226 cam

60 1248 168 1333 ipsum
199 1249 369 1335 mundum,
401 1271 475 1314 cum
507 1249 576 1315 eius
605 1250 766 1334 membra,
798 1250 936 1336 caelum,
968 1254 1086 1335 terras,
1123 1249 1235 1335 maria,

61 1359 199 1422 cumque
227 1337 346 1403 horum
375 1337 532 1424 insignia,
562 1339 678 1425 solem,
707 1339 820 1404 lunam
847 1339 1037 1424 stellasque,
1067 1337 1234 1425 vidissent,

61 1448 198 1512 cumque
230 1431 415 1511 temporum
445 1427 666 1513 maturitates,
699 1428 899 1493 mutationes
927 1427 1234 1514 vicissitudinesque

61 1515 306 1602 cognovissent,
332 1516 491 1600 suspicati
514 1520 624 1582 essent
645 1517 791 1602 aliquam
813 1517 1024 1582 excellentem
1050 1539 1121 1582 esse
1144 1535 1235 1602 prae

20 1609 266 1690 restitutamque
295 1610 460 1689 naturam,
492 1627 575 1689 quae
596 1605 676 1671 haec
700 1606 874 1692 effecisset,
905 1610 1065 1691 moveret,
1095 1609 1234 1692 regeret,

60 1694 267 1776 gubernaret.
313 1692 376 1769 Qui
399 1693 532 1758 etiamsi
551 1694 705 1759 aberrant
728 1716 747 1759 a
770 1695 971 1779 coniectura,
997 1694 1091 1760 video
1114 1699 1235 1780 tamen,

60 1782 139 1868 quid
166 1786 357 1868 sequantur,
389 1787 427 1848 tu
453 1782 541 1867 quod
568 1805 650 1867 opus
674 1783 807 1848 tandem
829 1805 985 1870 magnum
1008 1788 1042 1848 et
1065 1783 1234 1870 egregium

58 1869 175 1956 hebes,
198 1870 284 1956 qnod
307 1871 458 1936 effectum
481 1870 592 1936 divina
612 1875 721 1936 mente
740 1871 901 1956 videatur,
925 1893 1047 1956 exque
1067 1893 1138 1936 esse
1156 1871 1234 1944 deos

59 1959 246 2045 suspicere?
283 1959 467 2045 Habebam,
489 1959 613 2044 inquis,
631 1959 668 2023 in
686 1960 795 2025 animo
814 1960 949 2025 insitam
967 1959 1234 2025 informationem

17 2049 222 2132 aequandam
252 2048 313 2112 dei.
358 2048 405 2112 Et
433 2047 564 2113 barbati
592 2047 723 2133 quidem
749 2047 853 2134 Iovis,
884 2049 1031 2134 galeatae
1054 2048 1234 2135 Minervae;

57 2157 138 2202 num
168 2136 272 2223 igitur
304 2159 373 2202 esse
406 2137 487 2202 tales
519 2137 640 2221 putas?
691 2135 821 2212 Quanto
853 2137 971 2203 melius
1002 2137 1083 2214 haec
1114 2137 1233 2224 vulgus
1246 2149 1296 2199 101

5 2259 6 2264 κ
57 2225 298 2310 imperitorum,
327 2225 385 2310 qui
413 2246 481 2290 non
509 2226 656 2292 membra
685 2225 793 2292 solum
818 2225 962 2292 hominis
993 2227 1053 2292 deo
1074 2226 1234 2312 tribuant,

57 2315 115 2380 sed
146 2337 242 2380 usum
274 2314 374 2380 etiam
405 2314 633 2380 membrorum.
684 2314 774 2380 Dant
806 2315 893 2380 enim
924 2335 1050 2401 arcum,
1084 2316 1235 2402 sagittus,
1325 2373 1326 2378 ,

94 2530 119 2579 a.
138 2540 195 2580 uno
213 2524 315 2595 dicito,
333 2523 427 2580 Ablat.
442 2540 529 2580 mens.
674 2541 726 2580 vor
751 2527 907 2582 mactum
933 2523 1087 2594 streicben,
1117 2524 1234 2580 mnssten

95 2595 170 2666 Quid
200 2595 262 2651 ita?
293 2611 331 2650 sc.
359 2597 498 2652 motatum
520 2601 566 2652 est.
585 2624 619 2637 «-
674 2596 813 2652 demnach
849 2595 996 2650 sbmtliche
1031 2594 1093 2650 sirei
1125 2595 1234 2650 Stellen

55 2667 95 2722 ad
113 2667 236 2736 specioso,
256 2684 278 2721 s.
292 2685 315 2720 z.
329 2666 350 2734 1,
363 2673 386 2722 1.
673 2665 864 2736 korrigiersn‚
893 2681 1031 2735 wogegen
1057 2665 1155 2734 Meyor
1180 2665 1236 2720 mit

47 2742 52 2750 '
93 2743 120 2792 4.
140 2738 227 2807 dioto
253 2753 310 2793 auo
338 2738 483 2794 redieruut.
520 2737 620 2792 Dieser
674 2737 767 2792 Recht
799 2735 952 2793 retestiert
980 2735 1125 2791 Letnterer
1139 2734 1236 2791 citiert

55 2807 191 2862 Vorwurf
214 2823 307 2878 gegen
331 2806 377 2862 die
400 2809 558 2879 Epikureer
581 2810 620 2864 ist
674 2807 768 2874 Quint.
779 2755 839 2874 in,
858 2813 886 2876 6,
906 2812 952 2862 ὅθι
982 2809 1138 2862 wuicctma
1159 2807 1235 2862 dicto

56 2877 184 2933 insolern
209 2879 376 2949 ungerecht,
403 2880 445 2934 als
468 2879 547 2934 biese
571 2879 619 2936 die
672 2896 692 2933 a
705 2881 842 2947 conum,
860 2879 891 2933 id
904 2883 943 2933 cst
956 2876 1105 2934 daemone
1169 2879 1234 2934 dam

55 2949 160 3005 thter
174 2948 236 3002 ihre
250 2947 365 3003 Glieder
378 2948 620 3006 inWirklichkeit
672 2951 791 3005 rationis
804 2949 1006 3016 advocarem,
1024 2949 1104 3003 coda
1137 2965 1156 3004 a
1170 2964 1234 3005 con·

5 3017 6 3042 ³
55 3018 241 3091 gebrenohen
279 3019 386 3088 lusson,
428 3035 511 3075 wenn
546 3022 619 3075 auch
673 3022 779 3076 iectura
812 3021 941 3075 aberrare
981 3018 1086 3076 heisssn
1126 3021 1233 3090 surde,

54 3091 140 3146 nicht
162 3107 211 3144 zur
227 3089 405 3160 Thetigkeiu
430 3107 461 3146 so
479 3091 553 3145 doch
572 3109 620 3145 nur
673 3108 730 3146 von
746 3090 829 3160 jener
847 3090 995 3216 Richter&
1009 3091 1061 3146 auf
1076 3090 1122 3146 die
1132 3091 1233 3147 Wahr-

55 3160 262 3231 Befriedigung
279 3159 356 3215 ihrer
374 3161 448 3218 Lust.
671 3162 732 3216 licit
750 3161 876 3230 abiman,
896 3161 958 3216 sein
996 3162 1034 3216 iel
1053 3163 1206 3220 rerfehlen.

92 3240 117 3289 6.
146 3232 191 3302 Si,
219 3232 291 3286 darn
308 3231 348 3287 ist
365 3248 416 3288 aus
435 3232 499 3287 dem
517 3233 618 3289 reduc-
684 3295 687 3301 7
708 3239 741 3288 is
759 3233 911 3289 Habebam.
930 3233 1040 3304 Wegen
1055 3235 1104 3290 des
1119 3233 1234 3305 Imperi.

54 3305 106 3360 dat
139 3304 189 3359 dor
220 3303 472 3376 vorhergehenden
498 3302 617 3359 Periode
672 3322 692 3359 s.
708 3310 772 3371 §97
791 3305 979 3361 aucocdebut.

56 3375 103 3430 ein
123 3375 306 3445 allgemeines
324 3377 403 3431 babet
420 3393 454 3429 zu
468 3379 616 3446 ergbnren
706 3373 1236 3446 eone-aquimindernrwicenmg

55 3445 122 3516 Vgl.
136 3453 152 3514 ξ
166 3452 200 3501 22
219 3465 241 3502 a.
260 3445 305 3515 Si,
324 3453 356 3503 ut
373 3448 446 3503 dea.
670 3446 820 3518 belrbmpft
851 3446 976 3501 ironieoh
1005 3445 1036 3501 in
1067 3447 1118 3502 der
1149 3447 1235 3502 Form

90 3523 117 3572 9.
127 3519 199 3573 ottae
216 3519 372 3586 firmitatem
386 3513 616 3574 ‘Lebensdauer’.
671 3516 749 3572 eines
789 3517 828 3572 Zu
866 3517 1040 3572 stendnisses
1084 3516 1131 3571 die
1171 3517 1233 3572 euf-

89 3588 616 3660 Ets.§9bs.Etsolettsqueri-Wegen
669 3588 802 3659 gestellte
825 3534 1016 3660 iihwptung
1035 3583 1119 3656 ‘gana
1141 3587 1234 3658 recht,

54 3659 105 3716 der
131 3658 327 3714 Parteinahme
353 3659 403 3714 des
421 3659 546 3715 Retinere
570 3659 616 3715 fur
669 3655 763 3716 such’.
801 3659 836 3714 de
858 3659 905 3714 sm.
925 3659 946 3728 Ι,
961 3663 1008 3714 bb:
1033 3658 1165 3728 Torquem
1187 3659 1233 3714 dc·

54 3731 103 3788 die
122 3729 453 3797 Stoikers.Einl.§19.
668 3731 758 3786 trusit
781 3731 859 3786 boeti.
904 3729 945 3785 Et
969 3729 1077 3799 quidem
1101 3745 1129 3784 rc
1155 3731 1235 3800 texit,

92 3809 135 3858 11.
158 3804 250 3872 ipsum
271 3803 418 3871 maedam,
441 3817 541 3872 wegen
559 3802 617 3872 ipsc
668 3819 703 3856 ue
721 3803 853 3858 inlatrat.
881 3801 914 3854 ln
933 3798 1039 3854 diesem
1054 3799 1139 3856 Sinne
1155 3801 1236 3856 steht

55 3879 202 3939 snfiss'l.
669 3871 743 3926 such
778 3873 829 3927 das
859 3869 945 3927 blosse
975 3871 1084 3940 quidem
1114 3869 1162 3942 ΙΙΙ,
1182 3879 1232 3930 82:

87 3941 616 4014 13.tcmporummuturitatee‘dasreobt-
668 3943 770 3998 Mulu's
787 3943 894 4012 quidun
918 3973 948 3984 -
965 3943 1078 3998 meotis.

55 4014 160 4085 zeitige
173 4014 321 4070 Eintreten
335 4015 386 4069 der
398 4011 614 4082 Jahresreiten’,
704 4020 747 4068 al.
769 4013 878 4085 Quomo
896 4015 993 4069 melius
1012 4030 1050 4069 rc.
1064 4015 1142 4084 fucit.
1174 4014 1235 4070 Das

55 4086 109 4142 wie
133 4086 167 4155 II,
184 4092 244 4142 155.
280 4084 415 4156 Nbgelsb,
430 4084 460 4139 L.
476 4084 515 4140 St.
533 4089 613 4153 47,1.
667 4083 793 4139 Verbum
816 4083 887 4138 wind
910 4084 1092 4155 gewbhnlich
1113 4085 1144 4140 in
1168 4086 1234 4140 der-

5 4214 9 4224 ,
92 4163 135 4213 16.
154 4159 284 4213 aberrant
297 4175 315 4212 a
329 4157 497 4224 contectura,
516 4172 547 4211 so
566 4155 613 4212 die
668 4155 780 4225 artigen
832 4155 1046 4226 emphatiscben
1104 4156 1235 4227 Verglei-

54 4228 175 4283 Hdschr.
216 4227 348 4283 Dieselbe
366 4226 518 4297 Wendung
539 4227 614 4282 noch
668 4225 799 4297 chungen
812 4227 1016 4296 weggelessen,
1034 4226 1097 4282 eine
1111 4226 1234 4350 ΕΙΙΙθεο,

55 4299 130 4354 Phil.
143 4299 208 4369 XII,
221 4305 267 4367 23,
295 4299 331 4354 ed
350 4299 408 4356 Att.
437 4297 509 4366 xlv,
528 4305 611 4380 22,1.
666 4296 713 4353 die
742 4298 815 4352 auch
842 4313 893 4351 uns
942 4297 1046 4368 elbufig
1073 4297 1119 4352 ist.
1190 4298 1233 4368 gl.

54 4370 236 4442 DieJ'enigen,
273 4369 319 4424 die
353 4368 400 4426 die
432 4368 612 4440 Prbpositwn
665 4373 756 4434 §1212
790 4368 899 4440 Quanto
948 4370 1002 4424 cici
1019 4369 1123 4423 melius.

984 4456 1020 4510 6*
