2854 4864
364 279 431 336 ΜΒ.
447 281 482 336 Π,
501 279 577 334 CAP.
593 287 706 338 48-50.
727 289 741 348 s
760 288 905 338 rea-rae.
1159 287 1222 354 165

48 443 238 527 Eademque
261 442 341 508 haee
364 444 433 508 avis
457 444 612 508 scribitur
631 443 764 509 conchis
789 467 823 509 se
839 445 942 510 solere
962 446 1132 531 complere,
1155 471 1222 512 eas·

50 555 113 617 que
132 553 206 595 cum
225 531 385 596 stomachi
405 533 511 597 calore
530 533 729 618 concoxerit,
753 528 900 599 evomere
920 538 1017 618 atque
1035 535 1083 600 ita
1102 535 1222 622 eligere

49 621 168 704 exiis,
192 642 274 705 quae
299 625 376 685 sunt
399 622 572 687 esculenta.
618 621 729 687 Ranae
759 627 869 687 autem
896 623 1040 688 marinae
1070 624 1284 689 dicuntur-125

50 711 187 775 obruere
211 732 281 774 sese
304 708 427 774 harena
449 710 553 775 solere
577 714 610 775 et
632 711 756 776 moveri
783 733 885 796 prope
913 734 1045 797 aquam,
1073 712 1114 776 ad
1141 735 1221 798 quas

22 799 144 884 squasi
167 797 209 861 ad
232 820 339 862 escam
362 799 468 883 pisces
493 821 566 864 cum
589 801 799 886 accesserint,
823 801 938 866 confici
966 801 1096 866 arenis
1125 806 1223 887 atque

50 887 207 953 consumi.
262 886 365 951 Miluo
403 893 453 952 est
491 889 653 974 quoddam
685 888 806 953 bellum
837 890 931 974 quasi
966 890 1117 954 naturale
1149 913 1224 956 curn

50 998 162 1061 corv03
186 997 264 1062 ergo
288 977 371 1041 alter
394 976 528 1041 alterius
551 977 746 1062 ubicumque
769 981 907 1042 nanctus
932 983 983 1042 est
1005 1001 1067 1043 ova
1089 978 1222 1066 frangit.
1305 1048 1307 1052 ,

50 1064 137 1129 Illud
160 1087 236 1129 vero
261 1065 302 1128 ab
325 1063 505 1130 Aristotele
529 1066 804 1151 animadversum,
827 1090 846 1131 a
870 1089 934 1151 quo
957 1068 1125 1152 pleraque,
1149 1069 1222 1152 quis

48 1156 162 1238 potest
184 1175 251 1218 non
274 1153 409 1218 mirari?
433 1175 529 1240 grues
554 1177 627 1219 cum
652 1155 725 1219 loca
758 1155 912 1220 calidiora
941 1159 1089 1240 petentes
1120 1157 1224 1221 marie

15 1264 32 1304 a
48 1243 292 1326 transmittant,
320 1242 478 1328 trianguli
508 1242 635 1308 efficere
666 1243 820 1330 formam3
852 1244 921 1308 eius
952 1250 1062 1309 autem
1094 1267 1222 1311 summo

48 1331 171 1418 angulo
195 1337 250 1396 adr
273 1331 314 1395 ab
342 1331 383 1396 iis
407 1331 561 1396 adversus
591 1333 738 1417 pellitur,
769 1333 883 1398 deinde
913 1333 1034 1398 sensim
1065 1333 1106 1398 ab
1135 1339 1224 1399 utro-

49 1443 113 1506 que
137 1420 247 1503 latere,
271 1424 439 1504 tamquam
462 1421 575 1506 remis,
605 1421 653 1486 ita
675 1421 784 1506 pinnis
809 1444 921 1486 cursus
952 1422 1060 1487 avium
1087 1423 1222 1488 levatur.

49 1509 146 1574 Basis
170 1512 280 1572 autem
302 1508 474 1595 trianguli,
498 1532 594 1594 quem
617 1509 765 1575 efficiunt
792 1533 904 1597 grues,
935 1533 972 1575 ea
1004 1515 1171 1596 tamquam
1204 1535 1224 1576 a

48 1597 153 1683 puppi
175 1597 282 1662 ventis
307 1597 491 1683 adiuvatur,
515 1621 634 1683 eaeque
662 1599 698 1663 in
728 1603 822 1686 tergo
849 1600 1109 1684 praevolantium
1140 1601 1224 1665 colla

15 1707 30 1748 u
49 1692 84 1752 et
108 1686 216 1770 capita
238 1690 415 1770 reponunt;
448 1687 534 1772 quod
565 1688 641 1773 quia
672 1689 742 1773 ipse
774 1688 839 1753 dux
870 1688 977 1754 facere
1005 1711 1073 1754 non
1103 1693 1224 1774 potest,

49 1775 129 1860 quia
150 1774 348 1860 nonhabet,
371 1775 428 1840 ubi
446 1775 586 1861 nitatur,
609 1777 748 1861 revolat,
770 1782 808 1841 ut
826 1777 896 1860 ipse
915 1799 1044 1863 quoque
1064 1778 1223 1862 quiescat3

47 1865 85 1928 in
109 1864 177 1928 eius
200 1865 310 1928 locum
333 1865 478 1929 succedit
501 1887 540 1929 ex
562 1865 617 1949 iis,
641 1887 723 1950 quae
746 1865 954 1950 adquierunt,
978 1886 1078 1950 eaque
1101 1865 1224 1930 vicissi-

47 1953 129 2018 tudo
153 1952 300 2016 inomni
328 1975 425 2018 cursu
457 1958 675 2018 conservatur.
721 1952 827 2019 Multa
857 1954 924 2018 eius
957 1954 1046 2018 modi
1077 1953 1222 2039 proferre.
1236 1965 1286 2016 126

47 2063 198 2126 possum,
222 2041 277 2106 sed
301 2063 403 2128 genus
417 2042 526 2125 ipsum
540 2042 667 2108 videtis.
712 2041 783 2106 Iam
801 2065 877 2107 vero
895 2043 953 2107 illa
971 2042 1071 2106 etiam
1084 2042 1223 2126 notiora,

15 2151 29 2192 lc
48 2135 174 2216 quanto
199 2153 233 2194 se
257 2153 353 2215 opere
368 2131 555 2196 custodiant
568 2131 706 2216 bestiae,
721 2135 758 2196 ut
775 2131 811 2195 in
829 2135 927 2216 pastu
942 2131 1223 2216 circumspectant,

46 2224 87 2284 ut
111 2218 147 2283 in
170 2219 330 2284 cubilibus
351 2220 545 2284 delitiscent.
569 2219 678 2305 Atque
696 2221 754 2285 illa
772 2220 948 2305 mirabilia,
972 2221 1058 2306 quod
1076 2219 1223 2306 (eaquae
1244 2221 1287 2288 50

46 2330 153 2391 nuper
178 2308 224 2388 [id
247 2312 298 2372 est
315 2308 427 2393 paucis
451 2313 527 2374 ante
551 2309 679 2389 saeclis]
705 2309 904 2374 medicorum
926 2308 1067 2396 ingeniis
1091 2315 1222 2394 reperta

88 2471 111 2518 l.
130 2465 268 2529 scribit-ur,
289 2464 335 2518 die
345 2464 523 2534 persdnliche
534 2465 609 2519 Kon-
664 2465 865 2535 angegebenen
876 2465 1037 2521 Formation
1046 2465 1170 2536 weniger
1181 2466 1223 2520 ins

47 2535 205 2603 strulrtion,
234 2535 287 2588 wie
316 2535 396 2590 Tusa.
420 2536 444 2604 I,
467 2543 529 2590 114:
562 2537 611 2606 qui
663 2536 799 2591 Gewicht.

45 2609 99 2662 troc
117 2609 143 2660 ei
160 2608 280 2661 murinis
298 2608 401 2661 dedisse
419 2609 557 2663 scribitur.
701 2613 742 2661 14.
761 2625 779 2660 o
793 2608 886 2677 puppi
899 2610 993 2674 ueritis,
1014 2625 1033 2664 s.
1049 2608 1069 2674 l,
1081 2613 1115 2660 30
1129 2626 1150 2662 z.
1166 2609 1225 2662 sirie

87 2685 111 2732 3.
131 2677 230 2732 Ranae
242 2679 376 2746 marinae,
394 2679 444 2732 der
460 2677 609 2746 Seeteutel,
664 2695 773 2748 corpore
797 2681 883 2734 deam.
926 2679 1014 2732 Daftir
1041 2679 1125 2746 Verg.
1154 2681 1223 2733 lton.

46 2750 175 2818 Lophiue
189 2750 367 2818 piscatorios,
386 2748 432 2802 ein
450 2749 490 2802 im
504 2749 609 2803 Mittel-
665 2751 789 2818 lll,130:
809 2765 922 2819 serpens
940 2768 958 2804 a
972 2751 1065 2819 pappi
1081 2755 1183 2804 vectes.

46 2837 127 2892 maer
140 2819 478 2888 heimischerRaubfisch‚
489 2821 611 2874 welcher
702 2826 742 2876 15.
764 2823 856 2890 capita
874 2827 1017 2890 reportarit.
1041 2819 1133 2874 Wenn
1151 2819 1224 2872 auch

47 2889 236 2945 Ahnlichlreit
267 2890 320 2944 mit
362 2891 453 2945 einem
489 2891 611 2945 Froeche
666 2890 726 2945 dies
741 2891 821 2945 nicht
834 2891 974 2960 feststeht,
990 2908 1021 2945 so
1036 2889 1075 2945 ist
1089 2891 1162 2945 doch
1178 2889 1224 2945 die

46 2962 109 3016 hat.
155 2961 240 3016 Arist.
266 2963 294 3016 h.
319 2978 343 3016 a.
370 2963 416 3031 lX,
446 2967 480 3017 37
506 2962 612 3016 erztthlt
666 2964 768 3016 andere
776 2961 987 3032 Beobachtung,
999 2961 1056 3015 dall
1064 2962 1109 3016 die
1117 2962 1226 3016 Ftihrer

47 3049 106 3087 von
138 3031 212 3101 ihm,
248 3031 304 3086 dall
338 3049 368 3086 er
400 3033 475 3086 seine
508 3034 611 3087 ftihler-
666 3033 715 3087 des
730 3034 819 3102 Zuges
834 3033 1075 3102 oftabuechseln¹
1093 3032 1206 3102 richtig.

47 3103 163 3173 artigen
177 3103 318 3172 Staeheln‚
338 3104 384 3157 die
399 3105 460 3157 sich
474 3105 546 3158 nach
562 3105 613 3158 der
703 3111 743 3158 19,
768 3120 852 3175 perias
877 3105 977 3174 ipsum,
1002 3103 1041 3157 im
1068 3104 1225 3174 Gegensata

48 3174 146 3242 Spitae
165 3193 198 3227 zu
215 3175 437 3245 knollentormig
456 3175 610 3244 erweitern,
665 3193 698 3228 zu
726 3175 781 3228 den
808 3174 953 3230 einzelnen
977 3174 1151 3245 Beispielen,
1178 3174 1224 3230 die

46 3245 208 3316 gleichsam
227 3247 268 3300 als
283 3247 377 3300 ther
391 3247 436 3299 fiir
450 3246 495 3300 die
511 3245 610 3300 Fische
665 3245 826 3313 Wahrheit,
854 3245 900 3300 die
924 3246 1084 3301 Thatsache
1109 3246 1147 3299 im
1174 3245 1224 3300 all-

48 3317 378 3384 ausat1·eclre,wiihrend
399 3316 612 3372 ereichselbst
665 3317 822 3386 gemeinen,
850 3316 907 3370 dass
934 3335 999 3372 man
1031 3317 1155 3371 n'tmlich
1186 3316 1226 3370 irn

47 3387 90 3442 im
110 3387 318 3442 Schlammund
330 3388 559 3458 Sandverberge.
579 3388 612 3441 ln
666 3387 1224 3458 TierreichtiberalldergrtisstenZweck-

49 3458 159 3513 diesem
174 3459 259 3514 Sinne
277 3458 315 3512 ist
339 3459 385 3514 die
409 3459 611 3529 kompenditse
665 3457 825 3528 mtssiglreit
842 3458 996 3528 begegnet,
1020 3476 1076 3513 von
1099 3459 1150 3512 der
1177 3458 1228 3511 auf

48 3529 235 3598 Darstellung
258 3527 369 3584 Ciceros
396 3548 428 3583 zu
454 3531 611 3585 veretehen.
667 3531 717 3584 das
731 3529 847 3582 Wirlren
862 3529 938 3584 einer
952 3537 1056 3585 notura
1069 3531 1226 3600 intellegens

87 3607 112 3655 8.
131 3603 166 3655 ab
187 3602 339 3656 Aristotele.
369 3601 451 3656 Diese
468 3599 612 3655 Beobach-
666 3601 848 3671 geschloesen
866 3600 980 3654 werden
998 3598 1074 3654 mun.

46 3676 123 3740 tung
140 3671 229 3725 findet
252 3671 312 3725 sich
335 3671 416 3726 nicht
438 3672 468 3725 in
492 3673 547 3726 den
571 3688 611 3726 er·
701 3673 751 3726 itia
770 3673 852 3726 etiam
869 3672 988 3738 notiora,
1007 3671 1077 3724 tiber
1095 3669 1141 3724 die
1155 3669 1230 3726 Aus-

47 3743 186 3797 haltenen
205 3742 348 3797 Schriften
369 3743 417 3796 des
436 3742 611 3797 Aristoteles.
666 3743 782 3812 lassung
800 3758 856 3796 von
879 3749 944 3797 ecrit
968 3741 998 3794 in
1026 3740 1118 3795 dieser
1143 3741 1226 3794 Form

87 3819 131 3868 10.
150 3815 251 3882 efficere
265 3844 299 3854 -
310 3815 434 3884 pellitur,
449 3831 548 3882 wegen
562 3813 612 3868 des
667 3813 717 3868 der
735 3815 863 3868 transitio
878 3832 898 3868 s.
910 3813 930 3881 l,
942 3819 1004 3868 202.
1016 3813 1066 3867 itia
1074 3813 1225 3881 palmaria.

47 3873 235 3954 llberganges
259 3901 308 3938 aus
332 3885 382 3938 der
407 3887 476 3939 orat.
496 3883 613 3954 obliqua
702 3889 743 3939 21.
764 3901 834 3954 quac
851 3901 940 3953 nuper
961 3889 1126 3953 -reperta
1151 3889 1224 3938 suet.
1270 3909 1272 3913 ·

47 3960 81 4010 in
97 3955 143 4009 die
159 3956 390 4024 oratrectasl,
406 3957 612 4024 transiisset.
666 3956 733 4008 Zum
766 3955 921 4010 Gedanlren
956 3954 1014 4024 vgl.
1043 3954 1114 4009 Plin.
1142 3973 1169 4009 n.
1198 3955 1225 4010 h.

88 4034 131 4081 11.
150 4029 385 4094 aer-adversas,
401 4027 447 4080 die
462 4044 513 4082 vor
526 4026 614 4080 ihnen
666 4025 770 4094 XXIX,
795 4031 823 4080 4:
856 4027 1014 4081 vomitiones
1045 4043 1148 4096 qaoque
1177 4027 1227 4080 hoc

47 4097 612 4167 befindfieheLuftwelchesiezudurch-
667 4098 1226 4154 animathomirribusmorrstrosseuidetur.

49 4169 208 4224 schneiden
226 4169 328 4224 haben.
668 4199 702 4210 -
720 4166 829 4238 Wegen
847 4186 936 4239 nuper
954 4164 1026 4223 ‘eret
1041 4164 1147 4238 jdngst'
1167 4165 1225 4236 vgl.

86 4235 614 4309 seesim=parrirrm,eigflraummerlr·
667 4239 772 4307 Illae:
792 4246 850 4294 tum
869 4235 940 4294 ‘eret
958 4235 1051 4307 dann’,
1077 4238 1110 4292 da
1131 4237 1175 4291 off.
1194 4237 1225 4304 lt,

47 4307 127 4366 lich'.
152 4311 208 4365 Der
217 4311 418 4380 Fltigelschlag
428 4311 478 4364 auf
485 4311 541 4365 den
554 4310 613 4364 bei·
669 4317 716 4365 75:
745 4311 823 4364 modo
844 4306 915 4364 ‘eret
940 4309 995 4364 seit
1016 4304 1146 4363 lrurzem'.
1185 4307 1228 4360 Da

48 4384 105 4437 den
126 4382 223 4436 Seiten
247 4383 296 4437 des
316 4381 467 4436 Dreieclres
485 4381 552 4436 falli
570 4383 615 4435 fiir
668 4397 756 4450 nuper
782 4381 878 4450 htufig
905 4397 960 4435 von
993 4379 1070 4434 einer
1097 4377 1228 4432 ziemlich

48 4454 96 4508 die
111 4453 330 4523 Erleichterung
345 4453 393 4507 des
403 4453 506 4523 Fluges
520 4452 551 4505 in
565 4453 615 4506 der
666 4452 766 4506 fernen
783 4449 1013 4522 Vergangenhrit
1028 4451 1130 4520 gesagt
1147 4448 1227 4514 wird,
