2868 4878
421 252 900 338 Llss.1.0A‘P.ee,er.§re-e⁷.
979 242 983 279 ³
1072 330 1117 367 ·„
1209 275 1251 341 69

76 433 237 520 corporis,
264 455 325 499 nee
352 432 408 498 ille
431 433 523 498 fusus
547 438 581 498 et
604 432 741 500 candore
764 433 887 499 mixtus
911 434 1011 499 rubor
1034 434 1168 521 sanguis
1193 440 1252 521 est,

76 523 133 589 sed
163 522 321 610 quaedam
349 523 519 609 sanguinis
548 522 740 608 similitud03
771 522 818 588 sio
845 523 881 586 in
908 523 1070 608 Epicureo
1098 525 1157 589 deo
1184 547 1253 590 non

75 635 142 697 res,
170 611 226 677 sed
254 612 484 678 similitudines
508 635 617 677 rerum
640 634 722 678 esse.
766 610 791 675 F
794 634 832 677 ao
854 611 901 696 id,
930 613 1018 697 quod
1038 634 1080 676 ne
1102 612 1253 700 intellegi

75 701 207 786 quidem
225 705 350 786 potest,
373 701 455 765 mihi
474 723 545 766 esse
564 723 768 787 persuasum3
788 698 866 766 cedo
884 700 967 765 mihi
984 701 1124 767 istorum
1143 701 1252 766 adum·
1347 715 1350 721 '

41 790 245 855 ebratorum
275 790 410 855 deorum
439 789 631 855 liniamenta
660 786 759 875 atque
788 789 919 856 formas.
965 788 1043 856 Non
1072 790 1163 855 deest
1189 790 1252 856 hoc
1272 801 1305 851 76

75 879 148 944 loco
169 879 454 964 separationum,
473 879 592 965 quibus
611 878 726 944 dooere
744 878 853 962 velitis
869 879 1028 944 humanas
1044 901 1114 944 esse
1128 879 1251 944 formas

75 968 223 1053 deorum3
263 968 407 1053 primum
443 969 530 1053 quod
565 953 613 1033 ita
650 969 695 1033 sit
729 967 943 1033 informatum
979 967 1253 1053 anticipatumque

74 1056 241 1123 mentibus
277 1057 424 1144 nostris,v
450 1061 489 1122 ut
524 1056 664 1142 homini,
701 1079 775 1122 eum
810 1057 848 1121 de
881 1056 940 1122 deo
973 1057 1110 1144 cogitet,
1146 1057 1253 1122 forma

75 1150 226 1212 occurrat
243 1145 399 1231 humana3
423 1145 537 1211 deinde
553 1144 649 1232 quod,
668 1145 824 1231 quoniam
837 1147 934 1212 rebus
950 1147 1101 1211 omnibus
1116 1147 1253 1211 excellat

26 1258 55 1299 ιο
72 1227 194 1300 natura
222 1227 349 1320 divine,
382 1233 490 1300 forma
519 1257 648 1321 quoque
679 1256 750 1300 esse
780 1233 1000 1320 pulcherrirna
1029 1235 1159 1318 debeat,
1191 1257 1252 1300 nec
1288 1306 1292 1316 ¹

74 1346 146 1390 esse
178 1324 321 1389 humana
352 1324 453 1389 ullam
485 1324 719 1409 pulchriorem3
751 1323 884 1390 tertiam
916 1324 1078 1390 rationem
1107 1324 1252 1409 adfertis,

75 1413 164 1498 quod
186 1412 277 1478 nulla
296 1412 361 1478 alia
378 1413 486 1500 figura
504 1413 705 1478 domicilium
718 1413 843 1481 ,mentis
863 1434 933 1478 esse
952 1412 1068 1497 possit.
1104 1412 1251 1477 Primum
1271 1422 1304 1472 77

73 1502 180 1588 igitur
208 1501 349 1588 quidque
377 1502 545 1574 considera
572 1502 667 1587 quale
695 1501 753 1587 sit3
785 1500 928 1586 arripere
952 1501 1039 1566 enim
1063 1500 1144 1566 mihi
1167 1501 1253 1567 ride·

74 1589 159 1655 mini
181 1591 275 1675 quasi
296 1594 406 1656 vestro
429 1592 499 1660 iure
521 1614 591 1656 rem
613 1591 704 1662 nullo
727 1591 824 1656 modo
850 1590 1062 1675 probabilem.
1110 1589 1252 1656 Omnino

24 1679 150 1764 requie
173 1683 242 1744 tam
266 1701 379 1768 caecus
402 1681 438 1745 in
461 1680 719 1765 contemplandis
739 1680 836 1745 rebus
855 1702 1011 1764 umquam
1029 1679 1108 1765 fuit,
1130 1684 1168 1745 ut
1185 1701 1254 1745 non
1352 1717 1355 1722 ·

72 1767 200 1834 videret
230 1769 354 1854 species
384 1769 466 1835 istas
495 1769 666 1834 hominum
697 1769 834 1834 collatas
861 1769 897 1833 in
924 1769 1000 1833 deos
1029 1773 1087 1833 aut
1114 1768 1252 1834 consilio

75 1856 218 1942 quodam
242 1857 453 1942 sapientium,
477 1879 541 1942 quo
564 1857 694 1921 facilius
718 1857 845 1922 animos
868 1857 1097 1941 imperitorum
1120 1856 1161 1921 ad
1180 1856 1253 1922 deo-

73 1969 149 2010 rum
173 1947 297 2010 cultum
321 1967 340 2010 a
362 1946 449 2010 vitae
472 1945 635 2030 pravitate
658 1949 898 2030 converterent,
929 1949 986 2009 aut
1010 1945 1252 2031 superstitione,

73 2039 113 2099 ut
137 2038 247 2100 essent
270 2034 457 2124 simulacra,
481 2055 564 2118 quae
586 2037 778 2098 venerantes
803 2033 880 2098 deos
903 2033 993 2118 ipsos
1018 2055 1053 2097 se
1076 2032 1164 2098 odire
1188 2055 1253 2098 cre

24 2147 54 2187 ro
74 2123 213 2188 derant?
249 2121 421 2187 Auxerunt
439 2127 549 2187 autem
567 2121 648 2186 haee
667 2122 778 2214 eadem
791 2126 917 2207 po'e‘tae,
934 2121 1088 2207 pictores,
1107 2122 1253 2209 opifices;

74 2218 148 2277 erat
180 2211 267 2276 enirn
298 2233 367 2276 non
396 2211 493 2276 facile
525 2215 659 2298 agentes
692 2211 816 2297 aliquid
846 2215 879 2276 et
908 2211 1080 2282 molientes
1111 2210 1188 2277 deos
1218 2212 1254 2276 in

75 2301 215 2366 aliarum
232 2300 432 2365 'formarum
467 2299 652 2384 imitatione
685 2322 821 2365 servare.
874 2299 1024 2366 Accessit
1056 2300 1156 2366 etiam
1187 2301 1253 2366 ista

76 2389 189 2474 opinio
208 2388 363 2474 fortasse,
386 2388 473 2492 quod
491 2389 618 2454 homini
634 2378 768 2454 homine
784 2389 952 2475 pulchrius
970 2388 1056 2454 nihil
1072 2389 1252 2455 videbatur.

113 2677 138 2725 3.
156 2657 637 2754 res‘Realittt’.-Jeese‚der·llber·
729 2675 771 2728 13.
818 2670 953 2739 arripere,
990 2669 1037 2725 ein
1080 2669 1252 2725 versterktes

75 2741 304 2882 rusum
322 2743 518 2870 eriere
542 2741 638 2796 mu
692 2747 917 2893 rurae
932 2746 1050 2882 {aar

113 2889 138 2937 4.
166 2884 392 2940 adumbratorum
420 2885 538 2941 deorruu
581 2883 639 2938 Der
692 2882 833 2938 Nremand
852 2883 947 2937 wr'irde
970 2883 1142 2953 hauteutage
1170 2899 1253 2938 ernon

75 2953 227 3008 Ausdruok
245 2953 283 3008 ist
304 2955 526 3025 hervorgerufen
549 2955 638 3010 durch
692 2971 723 3010 so
742 2952 924 3022 kiinstlichcn
943 2952 1041 3009 Grund
1063 2953 1109 3008 for
1133 2953 1196 3009 eine
1219 2971 1250 3010 so

76 3025 135 3080 den
181 3024 431 3094 rothergehenden
476 3025 636 3096 Vergleich.
692 3025 821 3081 einfache
845 3024 1041 3095 Erecheinung
1064 3025 1177 3083 cuchen.
1214 3025 1252 3080 Es

75 3093 267 3164 Dergleichen
295 3094 502 3151 Schat'tenrisse
529 3098 636 3167 (aduru-
691 3113 749 3150 war
767 3094 923 3167 natdrlich,
952 3093 1009 3150 dall
1037 3113 1103 3150 man
1130 3097 1181 3152 der
1209 3114 1250 3152 er-

76 3169 173 3224 brerae
190 3167 334 3237 imapr'rres)
378 3167 448 3237 flegt
473 3168 523 3222 der
547 3167 637 3222 Melet
690 3167 849 3222 habensten
874 3166 1114 3235 Persdnlichlreit‚
1139 3167 1185 3223 die
1208 3167 1251 3221 in·

75 3256 110 3293 zu
125 3238 288 3306 antwerfen,
302 3185 510 3308 imdegensatz
524 3256 558 3293 zu
572 3239 638 3293 dem
690 3237 829 3308 begriffen
855 3237 893 3293 ist
922 3237 952 3292 in
971 3239 1022 3292 der
1048 3239 1115 3294 ldee
1142 3237 1250 3308 Gottes,

75 3310 176 3376 solida,
190 3325 326 3379 expressa,
341 3311 461 3366 amincus
474 3311 573 3382 effipiee
587 3309 636 3366 dee
692 3308 832 3379 diejenige
852 3308 963 3364 Gestalt
982 3309 1114 3380 beilegta
1144 3310 1173 3364 in
1201 3311 1251 3365 der

76 3380 254 3435 Bildhauers.
691 3380 752 3435 sich
771 3381 820 3435 der
838 3379 946 3450 Begriff
961 3382 1012 3436 der
1026 3381 1252 3436 Persdnliehlreit

114 3456 300 3518 §us-102.
360 3450 426 3506 Die
469 3450 636 3521 Grtinde,
691 3469 736 3506 am
755 3451 947 3506 deutlicheten
967 3451 1130 3507 offenbarte.
1145 3453 1250 3522 Meyer.

76 3522 210 3577 welche
228 3522 361 3593 Epikur
383 3522 438 3577 fur
463 3522 520 3578 die
545 3539 635 3577 men·
727 3530 769 3579 19.
792 3528 824 3578 ut
851 3529 936 3578 esseut
962 3525 1126 3591 simulacra,
1158 3539 1252 3592 gegen

77 3592 349 3649 schenthnliche
395 3593 532 3649 Gestalt
578 3595 637 3648 der
691 3593 768 3648 diese
803 3593 924 3666 Ansipht
959 3593 1069 3664 spricht
1094 3593 1145 3648 der
1173 3593 1251 3648 Tier-

76 3664 212 3720 Gdtter
267 3665 435 3734 anlfihrt,
491 3665 636 3721 werden
690 3663 1005 3735 dienstderrlgypter.

77 3735 277 3805 widerlegt.
576 3764 577 3768 ,
727 3738 790 3792 deor
807 3737 881 3806 ipsos
908 3753 935 3792 sc
962 3737 1049 3792 adire.
1082 3734 1118 3790 So
1145 3734 1251 3805 klagen

116 3813 159 3862 11.
177 3823 227 3862 uec
245 3822 299 3862 eece
317 3837 351 3848 -
361 3807 554 3876 pulchriorum
572 3823 639 3860 man
692 3805 755 3862 Div.
778 3807 808 3860 in
832 3806 912 3862 Caco.
938 3814 953 3862 3
979 3805 1025 3860 die
1045 3805 1169 3861 Sikulerr
1197 3823 1252 3863 sese

79 3880 212 3934 erwartet
221 3895 270 3933 uec
283 3879 319 3935 sit
329 3879 481 3948 pulchrior.
497 3878 638 3946 Dadurch‚
693 3879 750 3933 iam
763 3895 797 3932 ac
811 3879 873 3934 deor
887 3879 995 3948 quidem
1008 3879 1040 3934 r‘u
1058 3879 1118 3934 suis
1135 3880 1252 3936 urbibus

78 3948 239 4004 dalldieser
248 3947 384 4004 (tedanke
393 3948 474 4004 nicht
486 3949 565 4004 mehr
583 3966 640 4004 ron
693 3951 731 4004 ad
758 3965 824 4019 quos
848 3949 1023 4021 coasapareut
1040 3951 1153 4020 tubere,
1180 3951 1252 4021 quod

77 4019 639 4091 derKauselhonjnnktionabhhngigge·
694 4037 787 4076 eorum
828 4022 899 4076 sima
929 4038 977 4076 cra
1013 4024 1187 4078 suauiseima
1222 4021 1251 4078 0.

77 4093 188 4160 macht,
218 4091 339 4147 sondern
367 4091 545 4162 selbstdndig
577 4092 638 4145 hin·
697 4091 791 4147 Verres
822 4107 856 4147 ea
930 4095 1008 4149 utris
1039 4095 1252 4166 relrpuoeaesrmae

77 4163 196 4232 gestellt
239 4162 322 4231 airal,
369 4163 461 4217 erh'elt
510 4162 639 4218 derselbe
692 4164 853 4218 abstulisset.
912 4165 1018 4220 choem.

77 4233 214 4304 grdsseres
233 4233 369 4290 Gewieht.
728 4235 1252 4304 22.iauliaramformuruma'mitatioue

115 4311 158 4362 12.
180 4305 306 4362 bimum
337 4306 469 4376 quidque,
499 4304 639 4375 jedesmal
688 4301 731 4360 ‘in
751 4305 828 4361 einer
847 4307 953 4361 andern
971 4307 1098 4363 Gestalt.

78 4375 137 4431 das'
150 4379 236 4445 erste,
256 4394 314 4432 was
334 4376 379 4433 die
394 4376 581 4446 Reihenfolge
596 4393 637 4431 er·
728 4383 770 4433 23.
799 4377 893 4452 opiuio
930 4379 1002 4446 quod
1034 4407 1067 4419 -
1099 4376 1251 4444 uidebatur,

77 4447 200 4519 giebt=
213 4449 307 4504 oruata
325 4449 457 4518 deinceps,
476 4448 530 4502 wie
549 4447 597 4517 Ill,
613 4454 637 4503 7.
693 4465 714 4503 s.
734 4448 769 4516 ΙΙ,
783 4452 817 4502 75
832 4449 956 4516 matio,
981 4463 1050 4516 quae
1075 4447 1157 4501 daca.
1195 4445 1251 4499 Das
