2854 4864
368 235 435 290 121ss.
451 236 484 290 ΙΙ.
505 235 582 291 οΑΡ.
598 243 646 305 sa,
661 243 703 293 sc.
723 243 738 302 s
754 244 901 292 rar-141.
1159 243 1221 308 173

42 400 259 486 plicationem
281 414 423 482 ‘corpore
452 403 524 464 toto
548 400 779 484 pertinentem,
808 401 864 485 qui
888 401 973 465 sicut
995 423 1095 466 venae
1119 406 1152 466 et
1175 425 1223 466 ar·

43 490 150 554 teriae
180 511 199 552 a
223 487 318 552 corde
341 491 466 552 tractae
489 495 523 552 et
545 488 710 572 profectae
733 489 768 552 in
792 511 909 572 eorpus
933 512 1027 554 omne
1051 490 1221 555 ducuntur.

10 579 26 586 ”
42 577 98 642 Ad
123 577 208 642 hanc
231 576 470 660 providentiam
492 582 628 658 naturae
652 581 721 642 tam
744 577 934 663 diligentem
958 583 1089 663 tamque
1113 579 1223 643 soller-

44 672 116 732 tem
149 665 283 751 adiungi
314 666 419 729 multa
450 670 602 750 possunt,
635 688 651 730 e
680 666 798 750 quibus
825 666 1049 753 intellegatur,
1082 672 1222 752 quantae

10 775 98 820 ores
128 754 317 819 hominibus
347 754 465 835 [adis]
496 748 657 839 quamque
677 754 822 819 eximiae
846 755 988 820 tributae
1011 756 1087 820 sint.
1133 754 1223 830 Quae

44 845 192 928 primum
224 865 279 908 eos
311 842 412 906 humo
445 844 604 938 epcitatos
635 844 738 908 celsos
763 847 796 908 et
820 850 945 910 erectos
969 844 1154 928 constituit,
1186 849 1225 909 ut

44 934 184 997 deorum
215 931 436 1018 cognitionem
467 933 591 996 caelum
619 932 784 1008 intuentes
813 955 927 1017 capere
949 937 1093 1017 possent.
1140 931 1225 998 Sunt

1242 543 1284 608 55
1345 605 1358 619 ,
1416 591 1417 612 .

1233 633 1284 684 140

45 1023 136 1086 eninr
159 1022 195 1085 in
217 1025 305 1085 terra
327 1020 490 1106 homines,
512 1043 579 1086 non
598 1025 635 1085 ut
657 1022 782 1086 incolae
806 1026 904 1107 atque
926 1022 1143 1106 habitatores,
1168 1023 1240 1099 sed¹

45 1111 144 1195 quasi
169 1113 369 1194 spectatores
394 1132 584 1194 superarum
607 1117 716 1174 reruni
739 1115 837 1195 atque
861 1111 1063 1196 caelestium,
1086 1134 1223 1196 quarum

10 1221 26 1260 o
46 1199 273 1283 spectaculum
314 1198 354 1262 ad
393 1199 520 1263 nullum
556 1199 645 1264 aliud
682 1221 784 1285 genus
821 1199 1036 1265 animantium
1072 1199 1223 1284 pertinet.

46 1287 172 1354 Sensus
196 1292 305 1352 antem
327 1288 522 1370 interpretes
546 1310 584 1352 ac
606 1288 714 1352 nuntii
737 1310 845 1352 rerum
868 1288 903 1352 in
926 1289 1032 1373 capite
1055 1293 1223 1372 tamquam

44 1378 82 1441 in
106 1399 181 1441 arce
204 1375 339 1440 mirifice
362 1376 403 1440 ad
426 1400 503 1442 usus
526 1377 726 1442 necessarios
751 1382 784 1441 et
805 1377 886 1442 facti
909 1383 942 1442 et
965 1377 1116 1443 collocati
1139 1382 1224 1442 sunt.

45 1465 136 1531 Nam
166 1465 252 1530 oculi
274 1469 443 1549 tamquam
467 1462 686 1549 speculatores
710 1467 909 1532 altissimum
932 1469 1040 1532 locum
1064 1465 1224 1549 obtinent,

46 1577 88 1618 ex
113 1554 341 1638 quo-plurima
365 1554 601 1638 conspicientes
620 1555 802 1642 fungantur
820 1579 879 1622 suo
898 1577 1044 1641 munere3
1068 1559 1101 1619 et
1120 1577 1223 1639 aures,
1234 1566 1284 1616 141

10 1665 26 1706 a
48 1667 125 1709 oum
163 1665 279 1707 sonum
316 1643 482 1727 percipere
514 1644 666 1728 debeant,
703 1645 759 1730 qui
790 1650 909 1710 natura
940 1645 1079 1710 sublime
1111 1643 1224 1728 fertur,

46 1737 138 1797 recte
175 1732 211 1796 in
247 1731 323 1796 altis
359 1754 531 1816 corporum
563 1733 711 1816 partibus
745 1735 922 1798 collocatae
955 1738 1044 1818 sunt3
1081 1733 1224 1816 itemque

45 1844 146 1886 nares
180 1824 226 1904 et,
259 1820 345 1905 quod
378 1821 483 1885 omnis
517 1822 597 1887 odor
626 1822 667 1886 ad
695 1845 812 1906 supera
834 1823 951 1906 fertur,
983 1826 1071 1886 recte
1095 1844 1225 1886 sursum

47 1915 128 1974 sunt
162 1913 208 1993 et,
226 1909 326 1994 ‘quod
359 1909 423 1973 cibi
451 1914 484 1974 et
506 1910 651 1994 potionis
674 1910 830 1975 iudicium
853 1932 1008 1996 magnum
1031 1932 1142 1974 earum
1165 1914 1224 1992 est,

44 2022 117 2064 non
146 1998 215 2063 sine
244 2020 340 2062 causa
369 1997 571 2064 vicinitatem
595 1999 660 2064 oris
685 2003 814 2064 secutae
838 2004 922 2064 sunt.
969 1999 1039 2062 Iam
1063 2001 1224 2084 gustatus,

87 2215 341 2277 temporeneas
361 2213 455 2272 §95n
466 2212 611 2265 totccaelc.
666 2211 751 2264 schen
770 2210 834 2263 dem
852 2209 970 2263 Wirken
996 2208 1154 2276 dernNatur
1179 2226 1223 2260 nu-

85 2287 112 2334 2.
132 2297 150 2332 a
183 2281 260 2334 corde
291 2286 401 2335 tractae.
452 2279 523 2333 Dcm
551 2284 611 2335 ent·
666 2281 858 2350 gesotrieben,
878 2280 996 2334 deshalb
1015 2279 1054 2333 ist
1072 2280 1144 2333 auch
1162 2278 1224 2332 hier

45 2350 210 2420 spi-echend
221 2350 413 2420 behaupteten
432 2350 478 2405 die
493 2351 612 2406 meistcn
665 2350 747 2406 nicht
757 2353 812 2422 ραι·
822 2352 942 2407 sondern
949 2351 1023 2422 Quae
1033 2351 1083 2404 das
1093 2349 1224 2420 richtigc.

48 2421 173 2488 Stoilrer,
203 2419 259 2474 dall
292 2421 342 2476 das
371 2422 443 2476 Hera
471 2422 521 2475 der
553 2423 612 2477 Sitz
703 2429 727 2478 6.
743 2426 875 2492 marnam,
890 2424 953 2477 dem
970 2422 1224 2492 entspriohtnach-

45 2494 103 2547 der
114 2492 194 2545 Sccle
204 2493 253 2559 sei,
269 2493 401 2549 wthrcnd
412 2493 505 2562 einige
516 2493 613 2547 diesen
667 2494 717 2548 her
731 2495 831 2550 Scaeas
847 2502 944 2549 aatem.
964 2493 1028 2563 Vgl.
1038 2493 1058 2562 Ι,
1071 2501 1098 2552 ’ῖς
1114 2494 1147 2558 ΙΙ,
1165 2499 1224 2546 142.

45 2564 90 2618 im
111 2562 233 2617 Gehirne
252 2564 466 2634 suchten(Sext.
477 2564 556 2635 Emp.
566 2565 611 2632 IX,
702 2573 800 2620 erectos
818 2566 966 2620 constituit.
1000 2565 1048 2618 Ov.
1063 2565 1130 2618 Met.
1146 2565 1165 2631 Ι,
1177 2569 1224 2618 86:

49 2636 126 2703 119).
149 2634 229 2687 Auch
244 2635 409 2688 Aristoteles
424 2634 496 2689 hielt
508 2635 611 2690 lalsch-
666 2653 696 2690 cc
713 2638 818 2690 homini
835 2639 948 2690 sattim
971 2637 1045 2690 deda
1071 2637 1225 2702 caelumque

44 2706 111 2760 lioh
131 2705 182 2758 das
200 2705 272 2758 Herz
286 2705 332 2758 fr'ir
346 2706 395 2758 das
411 2706 613 2775 Zentralorgan
666 2709 738 2762 taera'
769 2708 850 2762 laesit
882 2713 906 2762 ct
938 2713 1035 2761 erectos
1066 2707 1103 2761 ad
1134 2705 1225 2760 sidera

45 2778 104 2831 der
127 2775 242 2830 Nerven.
270 2776 333 2846 Vgl.
348 2783 363 2842 ξ
380 2782 438 2832 149.
457 2808 491 2817 -
510 2785 613 2833 tractae
665 2779 872 2833 tollerewaltas.
988 2827 992 2832 .

45 2848 92 2902 ist
111 2847 260 2901 attrahicrt
285 2864 321 2900 an
339 2850 471 2916 arteriae,
497 2849 550 2902 wie
577 2849 612 2904 de
703 2854 727 2902 8.
747 2849 881 2915 interra,
902 2847 947 2901 dic
961 2847 1081 2903 Hdschr.
1096 2865 1129 2902 ea
1141 2854 1225 2913 terra,

10 2937 12 2940 ·
46 2918 101 2976 off.
117 2919 194 2986 leo:
217 2925 248 2973 at
275 2919 347 2973 nihil
372 2920 451 2974 aliud
475 2921 532 2974 nisi
552 2937 613 2989 pan
667 2918 729 2974 eine
743 2919 848 2987 Lesart,
863 2918 970 2972 welche
984 2917 1045 2972 sich
1059 2917 1225 2973 schwerlich

10 3013 11 3016 ¹
44 2991 177 3061 quaesita
204 3005 258 3043 esse
284 2991 417 3045 videatur.
450 2990 527 3046 Brut.
547 2998 612 3046 262:
666 2991 844 3058 verteidigen
863 2989 932 3044 lane.

48 3061 130 3127 orani
139 3067 239 3114 ornata
248 3062 383 3115 matianis
397 3069 614 3131 tamqnamceste
704 3069 746 3116 11.
765 3062 860 3115 nuntii
877 3078 975 3115 reram.
1005 3061 1046 3115 Dc
1064 3061 1119 3130 leg.
1138 3061 1163 3128 Ι,
1180 3067 1224 3114 26:

46 3134 185 3188 detracta.
666 3140 771 3188 actara
787 3134 891 3187 homini
909 3149 1002 3187 sensas
1025 3141 1163 3200 tamquam
1181 3149 1225 3186 sa-

91 3207 107 3255 3
131 3203 176 3256 Aa
188 3203 261 3257 tanc
270 3205 481 3272 mandantium,
490 3203 559 3257 kurz
569 3204 613 3257 ftir
668 3206 762 3259 tellites
777 3205 905 3258 attribuit
915 3211 939 3258 et
948 3206 1068 3259 nautica
1079 3203 1143 3272 Vgl.
1156 3203 1172 3271 Ι,
1183 3210 1224 3258 70.

46 3275 184 3339 adhaec,
202 3291 271 3342 qaae
289 3275 322 3328 de
346 3276 519 3342 providentia
544 3276 612 3330 dixi.
703 3281 841 3343 tarnqaam
864 3277 897 3328 in
917 3292 987 3330 arce.
1026 3275 1107 3329 Tuae.
1137 3275 1158 3338 Ι,
1178 3281 1224 3329 20:

48 3345 119 3412 Vgl.
135 3341 194 3398 Liv.
209 3345 242 3411 ΙΙ,
255 3351 314 3412 La:
334 3346 461 3400 adiciant
479 3347 614 3400 miracala
668 3347 749 3400 Plato
777 3345 858 3416 (Tim.
874 3351 907 3400 '10
922 3346 957 3410 Α)
984 3347 1119 3414 triplicem
1144 3347 1227 3412 (laxit

47 3417 119 3472 haic
134 3433 260 3484 pappare,
293 3416 318 3468 d.
341 3415 359 3472 i.
389 3416 454 3470 dem
482 3417 614 3472 Berichte
668 3419 802 3485 ancoram,
813 3419 892 3471 caiae
898 3419 1089 3486 principatum
1098 3419 1129 3470 e'n
1139 3419 1227 3486 capite

48 3488 125 3542 iiber
143 3484 220 3539 diese
240 3485 383 3541 Schlacht.
450 3509 456 3516 ·
644 3490 739 3543 'sicat
757 3491 789 3540 ia
807 3490 985 3556 acceperant.

91 3563 115 3611 5.
130 3557 164 3627 [a
182 3557 251 3628 dia]
282 3555 344 3610 Dall
363 3558 441 3612 diese
460 3558 554 3613 Wcrte
570 3559 616 3614 ein
706 3566 746 3614 1⁵1.
757 3555 1227 3626 saraambezeichnetgewthnlich

49 3632 182 3698 sptttcrer
205 3628 303 3682 Zusatz
335 3628 410 3697 sind,
445 3630 519 3684 sicht
550 3647 615 3683 man
670 3629 716 3684 die
732 3631 875 3698 Richtung
889 3629 1052 3692 nachoben‚
1067 3627 1159 3681 selten
1173 3627 1225 3682 wie

51 3701 171 3765 dar-aus,
201 3697 258 3752 dan
285 3699 325 3753 im
352 3701 505 3770 folgenden
534 3700 615 3755 Satze
669 3700 731 3754 hier
749 3701 799 3755 das
819 3699 976 3753 Verweilen
990 3717 1025 3752 an
1044 3697 1136 3751 cinam
1151 3697 1226 3752 Orte.

52 3769 102 3823 die
123 3769 240 3826 Hdschr.
263 3787 336 3824 zwar
363 3771 429 3840 Qui,
454 3772 522 3826 abar
546 3774 616 3825 statt
707 3778 747 3826 18.
767 3787 897 3842 mappam
912 3765 1105 3824 ‘wesentlich’.

51 3842 106 3894 des
132 3841 206 3895 Plur.
227 3841 425 3897 constitaerant
453 3843 508 3896 den
536 3842 613 3911 Sing.
704 3845 760 3897 cibi
774 3875 806 3883 -
821 3859 924 3908 earam,
940 3839 1155 3909 einobjektiver
1169 3840 1227 3894 und

52 3913 199 3968 constituit
226 3911 328 3966 bieten.
374 3912 473 3967 Dieser
499 3915 613 3968 latnterc
669 3913 714 3969 ein
734 3913 908 3982 subjektiver
926 3911 1024 3967 (tenet.
1041 3928 1098 3966 von
1117 3912 1227 3966 einem

50 3983 132 4036 kann
150 3981 231 4037 nicht
249 3983 446 4037 verschriebcn
475 3985 534 4039 sein
556 3985 613 4038 und
668 3984 765 4038 Worte
783 3983 1091 4053 abhangig‚wie145:
1110 4001 1227 4052 quaram

53 4055 113 4179 gai
142 4055 195 4120 (di)
226 4053 269 4107 als
295 4054 415 4123 Subjekt
442 4057 544 4123 haben,
578 4055 614 4108 da
667 4057 802 4110 indiciam
816 4063 854 4112 est
873 4057 1023 4121 ocaloram3
1046 4061 1108 4111 158:
1128 4072 1228 4111 canam

78 4124 155 4178 icero
166 4126 203 4176 im
214 4125 366 4196 folgenden
376 4127 452 4180 danu
462 4126 613 4181 sicherlich
668 4128 839 4182 minorum
857 4127 990 4182 adulatio,

52 4195 138 4250 nicht
165 4196 275 4250 alcoram
303 4197 424 4250 sondern
451 4199 496 4252 sai
523 4199 614 4268 coppi·
705 4204 747 4252 20.
771 4205 876 4252 secutae
904 4203 970 4252 eruet
997 4193 1103 4252 ‘haben
1131 4196 1226 4265 autge-

53 4269 158 4322 tionem
172 4265 356 4334 geschricbcn
372 4269 458 4322 hatte.
471 4270 501 4322 ln
509 4269 614 4323 diesem
669 4263 768 4323 sucht’.
784 4268 826 4322 De
846 4267 891 4322 off.
906 4269 926 4337 Ι,
946 4274 1010 4322 132:
1029 4285 1114 4322 sermo
1131 4285 1225 4336 sequa-

52 4339 114 4392 und
152 4337 208 4390 den
242 4338 380 4393 nachsten
416 4339 638 4414 Peragraplrem
668 4347 715 4394 tar
733 4341 873 4406 convincti,-
891 4341 926 4392 de
944 4340 999 4407 leg.
1016 4340 1088 4402 ll‚3:
1107 4339 1226 4392 amoeni·

52 4409 126 4462 wird
147 4407 198 4462 der
215 4407 377 4463 kunstvollc
396 4410 455 4464 Bau
474 4412 523 4466 des
538 4412 614 4465 Men·
669 4417 750 4466 tatem
768 4418 793 4466 et
815 4413 1003 4466 salubritatem
1025 4412 1097 4464 hanc
1123 4424 1226 4478 amaon.
