2832 4870
181 272 248 338 240
345 266 394 322 DE
413 266 567 322 NATURA
585 265 749 322 DEORUM.
772 263 1197 335 LIB.1n.cAP.4o.soe‚es.

182 432 273 516 fiees,
296 435 427 497 suuotos
451 453 522 496 esse
545 430 655 496 dicitis
675 429 930 516 diligentiusque
948 429 1063 494 urbem
1081 430 1237 516 religione
1253 454 1360 516 quam

182 520 264 606 ipsis
282 520 453 586 moenibus
473 519 621 606 cingitis3
644 541 727 604 quae
745 518 851 584 deseri
869 541 888 583 e
906 540 968 603 me,
986 518 1064 583 dum
1082 519 1213 605 quidem
1230 521 1359 604 spirare

127 623 163 672 eo
182 613 313 695 potero,
334 608 427 674 nefus
451 608 567 674 iudico.
613 607 696 672 'lum
716 605 827 673 Cotta:
850 607 923 693 Ego
946 629 1023 673 vero
1047 612 1081 672 et
1108 613 1187 693 opto
1205 610 1360 693 redargui

182 721 249 786 me,
271 697 389 782 Balbe,
412 702 446 763 et
468 720 520 782 eu,
543 719 626 783 quoe
649 696 827 782 disputavi,
850 696 1009 762 disserere
1031 697 1134 761 malui
1157 720 1252 782 quem
1272 699 1361 762 iudi-

183 809 256 852 oore
280 791 313 852 et
334 786 431 852 facile
449 808 501 851 me
524 808 545 850 a
566 790 600 850 te
622 785 710 851 vinei
731 807 828 870 posse
852 790 942 850 eerto
965 785 1043 850 seio.
1089 784 1226 871 Quippe,
1246 788 1390 872 inquit⁵

183 875 338 960 Velleius,
361 876 419 960 qui
442 876 542 940 etium
565 874 693 941 somnis
715 879 810 958 putet
832 874 873 938 od
895 896 956 940 nos
980 875 1070 939 mitti
1093 875 1134 939 ab
1158 875 1248 961 Iove,
1270 899 1359 961 quae

182 965 255 1048 ipsu
277 968 388 1029 tumen
406 969 475 1029 tarn
493 962 578 1030 levia
594 985 663 1029 non
681 967 768 1049 sunt,
790 986 889 1049 quum
907 967 958 1028 est
978 962 1163 1028 Stoicorum
1183 965 1361 1030 denatura

182 1053 318 1118 deorum
342 1053 457 1119 oratio.
502 1052 592 1118 Hseo
615 1075 689 1118 eum
717 1056 827 1118 essent
859 1052 959 1137 dioto,
988 1053 1037 1118 itu
1066 1052 1288 1138 discessimus,
1315 1060 1360 1118 ut

183 1143 310 1209 Velleio
321 1139 438 1208 Cottae
462 1143 643 1227 disputatio
661 1141 777 1226 verior,
800 1141 882 1206 mihi
900 1141 997 1206 Balbi
1015 1141 1056 1206 ed
1074 1141 1224 1207 veritatis
1243 1143 1360 1208 simili-

182 1232 329 1297 tudinem
352 1232 517 1298 videretur
540 1253 611 1297 esse
633 1230 834 1316 propensior.
1380 1250 1406 1290 ro

219 1466 243 1513 1.
279 1466 388 1515 wnetos
431 1476 486 1514 esse
526 1459 627 1515 dicitis.
688 1457 742 1512 Die
797 1459 932 1525 indicare,
952 1455 998 1511 ein
1013 1456 1185 1528 eudgiltiges
1200 1458 1292 1513 Urteil
1306 1461 1361 1514 ab·

182 1530 299 1583 Manem
318 1530 433 1596 sowohl‚
453 1527 743 1600 elediegunueStsdt
795 1530 896 1599 geben.

182 1599 283 1654 hatten
302 1600 391 1660 durch
410 1601 456 1655 die
475 1600 677 1670 Inunguretion
695 1601 742 1656 die
832 1606 857 1655 5.
896 1601 1002 1671 Quippe
1020 1617 1058 1653 se.
1076 1601 1161 1668 faede
1178 1602 1213 1655 nb
1237 1617 1268 1656 eo
1295 1603 1360 1656 ein·

181 1671 314 1738 religiose
351 1670 453 1726 Weihe
498 1671 634 1727 erhulten.
689 1671 742 1726 Die
796 1673 865 1726 cesis
882 1666 1058 1740 ‘natdrlioh',
1077 1671 1210 1727 ironisoh.
1247 1671 1315 1741 Vgl.
1329 1691 1361 1742 p.

183 1741 362 1796 Stadtmauer
382 1760 416 1796 zu
434 1743 584 1811 verletzen,
603 1743 666 1812 galt
679 1742 741 1796 des·
796 1743 865 1798 Mur.
886 1749 932 1797 74:
952 1742 1029 1813 Erpo
1048 1744 1086 1797 od
1104 1759 1198 1798 eunom
1213 1745 1363 1812 petitionis

181 1812 250 1867 halb
277 1814 323 1867 fur
350 1813 397 1868 ein
424 1813 622 1882 Sukrilegium.
667 1813 742 1868 Plut.
796 1829 882 1868 ennea
899 1815 1004 1882 siquis
1026 1821 1117 1879 eone,
1143 1814 1363 1870 eundemneuur?

181 1885 262 1940 Rom.
275 1891 321 1941 ll:
341 1880 421 1939 ἅπαν
440 1881 472 1940 ed
493 1892 585 1954 τεῖχος
603 1881 691 1954 ἱερόν.
797 1885 915 1955 Quippe,
944 1886 1045 1955 inquii,
1071 1891 1102 1939 tu
1126 1887 1196 1939 milii
1219 1902 1363 1940 summum

218 1963 243 2011 3.
262 1963 324 2026 opto
341 1958 480 2028 redurpni.
518 1957 588 2026 opto
604 1957 659 2011 mit
676 1956 741 2012 dem
794 1957 941 2025 imperinm
960 1963 1040 2025 petus
1068 1957 1193 2024 fovendis
1215 1958 1363 2012 huminum

181 2027 261 2082 Infin.
298 2030 369 2082 stutt
403 2035 436 2083 nt
475 2027 564 2083 findet
600 2027 661 2082 sioh
692 2026 740 2083 bei
794 2029 918 2083 mnibus
949 2034 975 2082 ei
1006 2029 1174 2082 deleniendis
1200 2029 1307 2083 animis
1336 2035 1363 2084 ei

182 2097 279 2154 Cicero
303 2116 356 2152 nur
380 2098 454 2153 noch
473 2099 510 2152 ud
528 2099 593 2155 fem,
609 2098 643 2167 X,
665 2106 708 2168 20,
728 2114 741 2154 s
794 2100 957 2154 metendis
974 2099 1168 2168 voluptatibus.

181 2169 238 2223 und
259 2169 294 2224 de
314 2170 472 2238 orat.I,8'1.
831 2177 855 2224 9.
884 2171 953 2225 mni
981 2201 1012 2210 —
1037 2171 1212 2241 propensior,
1240 2187 1261 2224 s.
1279 2170 1364 2226 Einl.

199 2240 739 2311 4.disserere,seinednsiehtvortrugen,
795 2247 866 2306 §12-
