2852 4864
195 261 238 326 74
574 253 624 308 DE
643 253 798 309 NATURA
817 252 979 310 DEORUM.

193 425 300 506 lurae,
337 419 378 484 ab
415 417 533 484 animis
567 417 800 483 censueludine
832 417 968 483 imbutis
1000 421 1111 501 petere
1143 415 1387 482 teslimonium
1419 443 1420 446 ¹

192 508 365 576 scribatis?
410 507 480 574 isio
509 507 596 572 enim
625 507 721 572 modo
750 506 856 572 dicere
879 506 991 572 licebit
1014 505 1125 571 Iovem
1148 527 1285 591 semper
1312 505 1388 570 bar·

193 599 321 683 bubum,
344 596 532 683 Apollinem
556 617 684 680 semper
703 595 896 680 imberbem,
922 595 1046 662 caesios
1065 594 1176 660 oculos
1195 593 1386 678 Minervae,
1419 659 1420 672 ,

194 687 360 753 caeruleos
391 707 462 750 esse
489 684 645 769 Neptuni.
691 685 737 751 nt
769 685 900 770 quidem
929 684 1099 749 laudemus
1126 683 1275 748 Athenis
1302 683 1385 748 Vol·
1419 675 1420 728 l

194 799 311 842 canum
330 798 418 859 eum,
437 795 534 859 quem
552 773 632 840 feeit
645 772 848 859 Alcamenes,
866 774 902 839 in
920 796 985 859 quo
1004 777 1112 838 sianie
1131 777 1231 858 etque
1250 773 1409 838 vestitor

193 865 310 930 leviter
346 869 483 949 apparel
519 863 712 929 claudicatio
748 885 817 928 non
853 862 1016 928 deformis.
1072 859 1232 927 Claudum
1273 861 1384 948 igitur

193 953 386 1018 habebimus
417 953 525 1036 deum,
556 952 711 1038 quoniam
741 952 779 1017 de
807 951 955 1018 Volcano
984 952 1031 1018 sic
1058 951 1253 1036 accepimus.
1307 949 1381 1038 Age

195 1047 228 1108 et
247 1042 298 1107 his
317 1041 483 1108 vocabulis
503 1063 574 1107 esse
591 1041 668 1106 deos
687 1040 839 1126 facimus,
858 1041 977 1127 quibus
993 1040 1120 1105 anobis
1134 1039 1381 1105 neminanlur?

138 1145 176 1198 84
193 1131 241 1197 Al
258 1131 414 1216 primum,
438 1135 519 1216 quoi
536 1130 707 1196 homiuum
726 1130 871 1217 linguae,
894 1135 947 1195 toi
963 1130 1098 1196 nomina
1116 1128 1262 1194 deorum.
1301 1127 1382 1194 Non

194 1221 295 1306 enim,
321 1225 360 1285 ui
386 1224 424 1285 lu
447 1219 606 1304 Velleius,
635 1241 838 1305 quocumque
866 1219 1007 1304 veneris,
1034 1219 1082 1284 sic
1104 1218 1190 1283 idem
1213 1218 1249 1282 in
1275 1217 1381 1283 Italia
1398 1240 1420 1290 u,

194 1309 375 1395 Volcanus,
393 1310 479 1375 idem
497 1309 534 1374 in
551 1307 674 1394 Africa,
692 1308 779 1373 idem
797 1308 833 1372 in
850 1307 1020 1393 Hispania.
1056 1307 1179 1372 Deinde
1197 1307 1380 1372 nominum
1419 1291 1420 1348 l

192 1421 261 1464 nou
278 1420 417 1485 magnus
435 1419 590 1463 numerus
608 1420 650 1464 ne
668 1397 704 1463 in
721 1397 900 1483 pontificiis
919 1397 1051 1482 quidem
1072 1396 1210 1480 nestris,
1234 1395 1378 1461 deorum

193 1493 303 1553 auiam
317 1486 573 1553 innumerabilis.
597 1486 651 1552 An
666 1486 736 1552 sine
749 1487 937 1552 nominibus
952 1486 1051 1552 sunl?
1068 1485 1161 1550 Istud
1176 1484 1314 1570 quidem
1327 1485 1376 1550 ita

192 1576 286 1642 vobis
314 1576 420 1642 dicere
448 1598 579 1641 necesse
607 1581 671 1662 esi3
704 1575 782 1661 quid
809 1576 896 1641 enim
919 1576 1053 1660 ailinei,
1084 1596 1157 1639 cum
1179 1596 1246 1638 una
1269 1573 1373 1639 facies
1419 1573 1420 1576 ’

194 1665 251 1750 sii,
277 1665 372 1750 plura
395 1687 465 1730 esse
488 1665 644 1730 nomina?
691 1663 796 1740 Quam
818 1665 941 1729 bellum
964 1668 1048 1748 erai,
1071 1662 1190 1747 Vellei,
1219 1663 1373 1728 confiteri
1389 1684 1420 1725 a*

192 1754 303 1840 potius
325 1754 465 1840 nescire,
492 1755 580 1840 quod
601 1753 758 1840 nescires,
782 1776 880 1840 quam
899 1754 964 1818 ista
987 1753 1188 1817 effutientem
1210 1774 1373 1817 nauseare

231 1954 253 2002 1.
279 1948 314 2002 ab
342 1948 445 2003 animr's
463 1978 497 1988 -
515 1944 659 2003 eadam?
690 1945 753 2000 Wir
840 1946 961 2014 facimus
992 1971 1019 1990 =
1046 1945 1189 2015 tinuimus,
1225 1945 1372 2000 sumimus.

193 2015 752 2088 elwa:KcnveniionelleVorstellungen
807 2015 1370 2087 Wegendeslndik.aescaarttramur.

192 2090 236 2144 als
250 2088 393 2144 Kriterien
412 2090 462 2144 der
471 2089 622 2144 Wahrheit
635 2088 753 2158 gellend
843 2095 867 2143 9.
891 2094 956 2158 quot
973 2089 1114 2143 lwmiaum
1142 2088 1262 2157 linquae.
1311 2087 1369 2140 Das

192 2162 319 2216 macheu.
805 2159 931 2214 Verbum
948 2159 1142 2226 ausgelassen,
1160 2157 1214 2211 wie
1233 2158 1368 2228 gewbhn·

229 2238 254 2289 3.
274 2233 391 2288 meaios:
409 2233 570 2302 γλαυκῶπις
585 2227 697 2300 Ἀθήνη.
805 2230 866 2286 lich
893 2231 923 2284 in
951 2227 1214 2354 sfrichwbrlliehen
1242 2229 1369 2284 Redens·
1419 2271 1420 2300 ,

228 2309 253 2358 4.
265 2303 407 2359 caeruleos.
423 2302 658 2370 Quintilliis:
677 2303 753 2358 Ievis
806 2305 895 2358 arten.
920 2301 966 2370 Vg
980 2345 985 2356 .
1000 2301 1063 2355 Ter.
1078 2300 1190 2355 Phorm.
1203 2299 1278 2369 114:
1299 2300 1370 2372 Quot

191 2375 332 2429 cacabus
349 2375 445 2440 frater.
805 2375 939 2440 homiues,
958 2379 997 2429 tot
1014 2373 1169 2428 sententiae.

230 2449 254 2499 t.
277 2444 452 2512 Alcamenes,
478 2443 524 2497 ein
554 2443 671 2498 Schuler
703 2443 753 2498 dee
843 2450 986 2501 realta
1008 2444 1125 2499 Velleius
1143 2459 1180 2498 ee.
1196 2443 1259 2498 eris.

194 2513 319 2581 Phidias,
346 2514 421 2568 nach
449 2514 530 2570 Paua.
557 2514 591 2583 V,
616 2521 657 2584 10,
678 2530 691 2570 s
709 2515 752 2567 als
843 2522 885 2570 12.
900 2517 933 2570 ia
942 2516 1095 2585 pontificiis
1109 2515 1245 2570 selibris.
1276 2513 1371 2568 Einen

192 2585 331 2656 Schbpfer
353 2601 410 2640 von
428 2585 642 2641 Gbiterbildern
667 2586 752 2641 eben·
806 2585 962 2656 wiebligen
975 2584 1129 2640 Abschniti
1146 2584 1296 2639 derselben
1315 2583 1370 2638 bil·

192 2656 291 2726 biiriig
309 2657 374 2711 dem
395 2656 519 2712 Meister.
555 2645 632 2712 llber
655 2655 753 2712 seinen
807 2657 1180 2728 detendieiadiyitameuta,
1196 2655 1226 2709 in
1239 2655 1370 2711 welches

193 2728 314 2798 Vallan,
333 2728 384 2782 der
399 2746 433 2782 au
447 2729 512 2783 dem
525 2728 629 2784 Beeien
642 2730 751 2798 gebert,
807 2729 854 2784 die
873 2729 981 2784 Numen
1007 2727 1169 2782 semilichcr
1187 2726 1289 2781 Gttler
1309 2727 1369 2781 auf·

192 2816 250 2853 was
269 2799 481 2870 ergeschaffen,
499 2799 601 2855 bulleri
614 2799 676 2854 sich
689 2800 751 2858 Val.
806 2799 972 2870 geaeiehnsl
1008 2815 1103 2854 waren
1133 2798 1216 2853 nebat
1246 2797 1370 2852 Noiizen

192 2871 265 2926 Max.
281 2871 359 2938 ΙΙΙΙΙ,
375 2877 417 2940 11,
432 2887 456 2927 a:
485 2877 540 2927 stat
564 2872 752 2928 dissimulatae
805 2872 876 2926 fiber
895 2871 950 2925 den
964 2870 1066 2925 Diensi
1084 2870 1232 2925 desselben
1247 2870 1307 2924 und
1323 2868 1369 2924 die

192 2943 405 3025 claudicationis
418 2945 468 2998 sub
486 2949 555 2999 ceste
569 2944 661 2999 leuiter
673 2944 751 2998 cesti·
806 2943 861 2997 den
869 2941 1013 2998 einzelnen
1021 2940 1243 2996 aukommenden
1249 2939 1367 2996 Gebala·

191 3020 637 3153 {livellariirisaqesiiiiiaiiliuiiifilisi
654 3030 750 3141 iliaris}
804 3013 952 3140 folilleerliiia
997 3089 1088 3139 autea
1143 3084 1365 3152 innumerabilis,

192 3156 494 3294 cmsfiaprcpriamque
503 3157 751 3213 deiuetamdeccre
803 3155 877 3282 gach
905 3155 955 3210 der
976 3153 1098 3210 Ansichl
1123 3153 1173 3209 der
1197 3153 1366 3226 Epikureer.

191 3242 217 3282 ss
235 3243 266 3281 au
287 3242 361 3281 casu.
829 3270 834 3282 .
881 3233 924 3282 50.

216 3243 253 3353 ⁹7.
273 3298 345 3368 Aue,
365 3315 386 3353 s.
400 3297 448 3366 ΙΙΙ,
463 3304 498 3354 43
513 3317 536 3353 a.
550 3298 609 3369 Aue
624 3313 715 3368 porro.
844 3233 885 3353 is.
904 3299 955 3366 itu,
974 3296 1028 3351 wie
1052 3296 1107 3366 olb,
1125 3296 1366 3352 nachdruclrsvoll

228 3373 253 3424 8.
273 3375 297 3424 et
320 3370 364 3424 liis
389 3371 536 3426 vocubulis.
580 3369 621 3424 Et
645 3367 676 3421 in
702 3367 754 3423 der
805 3369 880 3424 nach
894 3369 959 3423 dem
969 3368 1127 3423 Pronomen
1140 3367 1294 3423 demonstr.
1309 3369 1366 3423 und

191 3439 360 3510 Bedeuiung
386 3439 485 3496 ‘auch’
513 3440 552 3494 isi
578 3438 627 3494 bei
654 3437 751 3492 Cicero
805 3440 914 3498 relativ.
935 3441 1051 3510 gesetzt.
1090 3439 1126 3494 So
1149 3439 1189 3493 im
1212 3437 1366 3510 folgenden

191 3510 273 3566 nichi
291 3512 390 3580 selben,
409 3529 439 3566 es
457 3512 510 3566 bal
528 3511 603 3564 daun
618 3511 688 3564 stete
702 3526 750 3563 an·
806 3509 934 3582 Pasage:
949 3512 1021 3581 qued
1034 3512 1087 3567 tibi
1097 3513 1139 3567 itu
1144 3526 1311 3580 persuasum
1320 3517 1364 3567 est.

167 3579 751 3658 ⁴reihende,nicbl;,wieetium,eteigernde
842 3589 884 3638 14.
904 3599 966 3638 uria
988 3599 1048 3638 susa
1064 3583 1150 3651 faeie
1168 3583 1212 3638 sit.
1250 3581 1278 3638 S.
1293 3588 1309 3648 5
1324 3588 1364 3638 80.
1413 3611 1418 3652 t

191 3654 277 3724 lircil,
297 3655 356 3710 und
374 3653 446 3708 wird
465 3653 567 3723 gesagl
584 3651 638 3707 mil
655 3652 748 3706 Rdck-
842 3661 884 3712 15.
903 3654 1190 3723 cnumcri-asedec.
1219 3652 1274 3720 ἃς
1288 3659 1323 3708 72
1342 3671 1363 3707 a.
1417 3685 1418 3729 ,

192 3725 267 3781 sicht
303 3726 354 3780 auf
387 3725 472 3780 einen
512 3723 614 3778 vcrher
651 3739 749 3792 ausgc-
805 3727 924 3781 audisse.

191 3796 367 3865 sprochenen
398 3796 467 3850 oder
493 3812 526 3848 au
556 3795 751 3864 ergbnaenden
841 3797 995 3867 lupetius
1016 3827 1049 3835 -
1068 3811 1151 3865 quam
1170 3825 1203 3838 —
1221 3811 1363 3852 nauseare.

190 3866 347 3921 Gedanken
365 3866 434 3920 oder
451 3864 570 3935 Begriff,
595 3865 648 3920 wie
673 3865 749 3920 hier:
803 3866 1364 3937 NacbpotiusquuminderKonelruktion

191 3935 283 3992 Wollt
305 3936 353 3990 ihr
380 3936 435 3990 den
462 3936 581 3991 (idibem
608 3936 662 3992 wie
685 3936 750 4006 jene
805 3938 854 3993 dee
864 3939 963 3994 Aecus.
974 3938 1056 3994 clnf.
1066 3939 1139 3992 scial
1148 3937 1246 3994 Cicero
1257 3938 1364 3993 eowobl

191 4007 299 4061 andern
317 4007 539 4077 Eigenechaften
557 4009 600 4062 ale
619 4007 751 4062 wirklieh
805 4007 1141 4077 denlnfiniliv,alsauch
1153 4009 1209 4064 den
1217 4009 1362 4078 Konjunk-

190 4078 329 4147 beilegen,
341 4095 373 4134 eo
381 4079 453 4133 auch
464 4078 624 4150 disjenigen
631 4079 749 4150 Numen,
803 4081 855 4136 tis.
869 4081 956 4137 Acad.
971 4081 1009 4149 ΙΙ,
1018 4087 1066 4136 23:
1085 4081 1183 4136 statuit
1196 4081 1364 4136 intolerabili

189 4147 243 4203 mii
270 4149 362 4205 denen
389 4149 440 4204 wir
467 4150 613 4206 dieselben
640 4169 674 4205 au
701 4152 750 4206 be·
804 4152 895 4209 delere
922 4153 1041 4208 meari
1063 4153 1172 4222 potius,
1204 4168 1287 4221 quam
1315 4157 1364 4208 aut

190 4221 324 4276 zeichnen
342 4221 473 4292 pflegen?
510 4222 573 4292 Vgl.
591 4223 629 4291 ΙΙ,
643 4228 707 4278 155:
727 4228 752 4279 et
804 4223 927 4292 esicium
941 4224 1045 4294 prodat
1062 4228 1112 4278 aut
1129 4224 1217 4291 fidem.
1241 4222 1279 4276 ed
1297 4221 1362 4277 fam.

190 4295 383 4362 masculum,
398 4294 445 4363 ΙΙΙ,
457 4299 503 4349 11:
518 4295 632 4360 stillud,
647 4294 694 4362 ΙΙΙ,
702 4299 749 4348 82:
804 4295 838 4363 ΙΙ,
852 4301 892 4363 16,
904 4301 933 4349 3:
952 4311 1043 4350 acuas
1061 4295 1113 4350 tibi
1130 4295 1273 4363 affiraauoi
1285 4295 1363 4364 quid

191 4363 231 4420 Et
245 4367 399 4434 praedones
416 4365 473 4419 und
492 4363 521 4421 G.
540 4365 570 4419 F.
589 4363 634 4420 W.
649 4365 752 4419 Muller
804 4368 846 4421 uis
870 4383 912 4421 me
929 4366 1025 4435 potius
1043 4381 1250 4434 pupcmurum,
1282 4381 1363 4435 wasa

192 4451 214 4490 a.
230 4434 264 4489 de
283 4437 329 4491 off.
345 4438 366 4505 Ι,
377 4442 437 4492 133.
805 4453 838 4492 cu
850 4436 940 4492 Italia
953 4437 991 4491 acl
1005 4437 1103 4492 bellum
1121 4437 1198 4492 eicie
1216 4437 1363 4494 sciturum.
