2838 4882
377 276 445 332 ΜΒ.
460 277 481 332 1.
496 274 572 333 cAP.
588 283 634 345 sa,
654 283 697 333 er.
717 281 731 343 s
747 281 899 332 ror-roc.
1182 283 1226 350 85

50 441 133 506 actio
156 439 267 506 vitae?
296 439 414 524 quibus
438 440 549 525 rebus,
572 438 606 503 id
629 439 716 524 quod
738 441 853 526 vultis,
879 441 991 507 beatus
1012 441 1084 507 est?
1112 446 1227 508 utatur

50 530 134 594 enim
164 529 232 594 suis
262 529 358 594 bonis
390 533 521 614 oportet
550 533 579 593 ei
605 527 747 614 fruatur,
778 529 834 614 qui
863 530 979 596 beatus
1007 530 1137 596 futurus
1166 536 1225 598 est.

50 617 134 683 Nam
161 619 253 684 locus
282 617 413 702 quidem
441 617 482 682 iis
506 617 606 682 etiam
627 618 770 704 naturis,
798 640 881 703 quae
904 619 975 684 sine
997 619 1115 685 animis
1139 625 1225 706 sunt,

50 730 126 772 suus
163 712 215 772 est
252 707 367 792 cuique
403 706 570 792 proprius,
606 710 644 771 ut
677 711 767 772 terra
798 706 947 772 infimum
979 712 1103 793 teneat,
1139 708 1226 774 hanc

21 796 185 861 sinundet
214 818 313 880 aqua,
346 795 495 880 superior
524 797 603 881 u'e'ri,
635 794 790 860 aetheriis
818 796 951 882 ignibus
979 797 1141 862 altissima
1168 820 1226 863 ora

49 885 211 950 reddatur.
251 883 438 949 Bestiarum
461 888 572 949 autern
595 888 744 949 terrenae
768 890 846 949 sunt
868 885 965 970 aliae,
987 886 1110 971 partim
1129 909 1227 972 aqua-

48 973 138 1059 tiles,
172 973 254 1038 aliae
287 973 381 1058 quasi
413 973 573 1057 ancipites
605 973 641 1038 in
671 977 811 1058 utraque
843 974 918 1039 sede
950 973 1111 1060 virentes3
1148 980 1226 1040 sunt

49 1062 207 1146 quaedam
240 1061 353 1147 etiam,
386 1084 469 1147 quae
500 1061 578 1148 igne
609 1062 700 1127 nasci
731 1065 889 1147 putentur
918 1069 1161 1149 appareantque
1190 1065 1226 1129 in

48 1151 237 1216 ardentibus
260 1149 447 1216 fornacibus
472 1171 568 1236 saepe
590 1151 775 1216 volitantes.
823 1149 950 1227 Quaero
973 1152 1090 1239 igitur,
1117 1157 1226 1218 vester
1236 1163 1288 1214 104

7 1262 30 1302 ιο
47 1239 126 1305 deus
149 1240 293 1326 primum
311 1239 369 1304 ubi
386 1238 528 1324 habitet,
551 1238 665 1304 deinde
685 1261 767 1325 quae
786 1262 884 1306 causa
902 1263 977 1306 curn
995 1241 1067 1306 loco
1086 1246 1225 1327 moveat,

47 1329 75 1394 si
105 1329 203 1394 modo
233 1333 383 1394 moretur
413 1328 601 1414 aliquande,
633 1333 762 1414 postea,
795 1351 869 1394 curn
897 1328 961 1395 hoc
987 1330 1157 1415 proprium
1180 1330 1225 1396 sit

46 1417 338 1502 animantium„ut
361 1416 486 1502 aliquid
509 1421 680 1503 appetant,
704 1418 790 1503 quod
814 1418 859 1483 sit
880 1423 1018 1484 naturae
1042 1435 1224 1485 accommo-

46 1506 175 1592 datum,
198 1506 277 1572 deus
302 1506 380 1591 quid
398 1509 548 1591 appetat,
571 1506 613 1571 ad
631 1529 730 1592 quam
748 1506 886 1592 denique
905 1530 975 1575 rem
993 1512 1087 1573 motu
1104 1508 1224 1574 mentis

46 1617 84 1660 ac
108 1595 237 1661 ratione
259 1599 386 1680 utatur,
413 1599 580 1680 postremo
605 1617 669 1680 quo
693 1595 790 1661 modo
813 1597 929 1662 beatus
954 1597 1010 1682 sit,
1040 1620 1104 1683 quo
1127 1597 1224 1663 modo

7 1705 27 1747 u
46 1689 208 1750 aeternus.
264 1683 426 1769 Quicquid
461 1684 548 1748 enim
584 1683 703 1749 horum
735 1685 900 1772 attigeris,
936 1686 1028 1751 ulcus
1062 1691 1121 1752 est.
1172 1685 1226 1752 Ita

45 1774 132 1838 male
161 1773 317 1838 instituta
345 1773 432 1838 ratio
463 1773 587 1838 exitum
616 1774 759 1859 reperire
788 1796 856 1839 non
884 1779 1005 1859 potest.
1054 1772 1109 1841 Sic
1139 1775 1288 1840 enim105

44 1862 192 1947 dicebas,
218 1863 363 1947 speciem
386 1861 438 1926 dei
460 1862 585 1947 percipi
609 1862 824 1948 cogitatione,
846 1885 915 1928 non
937 1885 1048 1949 sensu,
1070 1885 1131 1928 nec
1154 1885 1225 1929 esse

44 1951 79 2015 in
99 1974 139 2016 ea
156 1952 258 2016 ullam
277 1951 488 2036 soliditatem,
506 1973 611 2035 neque
630 1951 765 2016 eandem
784 1952 824 2016 ad
840 1974 1012 2017 numerum
1026 1974 1225 2038 permanere,

44 2063 184 2125 eamque
218 2062 289 2105 esse
322 2040 391 2105 eius
425 2040 599 2124 visionem,
631 2044 669 2105 ut
711 2039 926 2124 similitudine
959 2044 992 2106 et
1028 2041 1225 2106 transitione

7 2133 213 2214 ucernatur,
257 2151 362 2214 neque
400 2128 530 2194 deficiat
574 2151 730 2214 umquam
772 2152 811 2194 ex
852 2129 991 2194 infinitis
1034 2130 1225 2215 corporibus

43 2217 205 2283 similium
236 2217 392 2303 accessio,
430 2241 470 2282 ex
503 2239 604 2303 eoque
627 2217 712 2304 fieri,
744 2224 783 2283 ut
810 2218 847 2283 in
873 2218 954 2284 haec
977 2218 1106 2284 intenta
1132 2240 1224 2284 mens

80 2398 106 2449 2.
113 2393 230 2462 futurus
243 2397 290 2461 est,
304 2397 396 2458 s.§90
404 2411 427 2447 τ.
435 2397 501 2447 suut
508 2393 610 2460 futuri.
700 2398 742 2449 13.
770 2393 884 2463 demque
914 2389 1090 2519 ‘uberhaupt’
1123 2393 1225 2449 verall-
1285 2429 1290 2436 -

79 2469 106 2518 5.
134 2465 263 2518 aetheriis
289 2465 408 2534 ipatius.
424 2461 609 2532 Diog.Laert.
664 2463 822 2534 gemeinert
840 2465 890 2519 das
909 2465 1046 2532 vorherge
1069 2464 1140 2520 ende
1159 2466 1227 2534 quid

41 2535 105 2602 Vll,
119 2541 185 2590 137:
205 2530 339 2589 ἀνωτάτω
354 2531 407 2604 μὲν
421 2527 473 2588 οὖν
490 2531 610 2588 εἶναιτὸ
664 2542 789 2605 appetat,
841 2536 977 2603 wdhrend,
1006 2543 1157 2605 postremo*
1174 2536 1226 2590 das

39 2607 110 2676 πῦρ,
126 2599 163 2660 ὃν
178 2601 532 2674 δὴαίθὲρακαλεῑσθᾳι-
543 2600 608 2694 μεθ’
664 2606 748 2661 letale
777 2605 860 2661 Glicd
893 2607 943 2660 der
970 2607 1059 2661 Reihe
1093 2606 1226 2662 einfdhrt.

39 2670 78 2746 ἣν
98 2675 152 2731 τὸν
178 2672 264 2746 ἀέρα,
289 2674 350 2731 εἶτα
368 2673 399 2732 τὸ
425 2672 510 2746 ὕδωρ·
538 2695 610 2732 urto-
664 2676 775 2732 Ebenso
795 2677 898 2746 Illae.
1171 2716 1172 2719 κ

40 2745 179 2818 στάθμην
188 2745 219 2802 δὲ
227 2745 342 2802 πάντων
350 2745 401 2818 τὴν
409 2751 470 2818 γῆν.
477 2746 609 2818 (Stoisch,
702 2754 743 2803 16.
762 2749 841 2804 uicus
859 2754 904 2803 esi.
923 2748 956 2801 In
970 2745 1131 2801 thniichem
1144 2747 1226 2802 iiber·

39 2818 286 2889 rgl.II,101flg.)
663 2822 800 2888 tragonen
828 2817 913 2873 Sinne
940 2819 1098 2888 gebraucht
1126 2817 1226 2872 Cicero

79 2897 104 2945 7.
126 2892 209 2960 quusi
227 2891 403 2960 aucipites=
417 2886 549 2963 ἀμφίβια.
664 2891 738 2945 auch
764 2891 878 2958 miuus,
906 2906 937 2944 so
965 2889 1043 2944 Verr.
1065 2889 1099 2960 V,
1118 2895 1165 2946 tr:
1193 2891 1227 2945 iu

77 2965 136 3017 8.i
204 2963 291 3028 maci,
311 2961 365 3016 wie
380 2961 449 3016 Nilo
462 2968 546 3017 uatus
560 2961 608 3029 III,
664 2978 719 3031 quc
738 2959 925 3032 (laudatione)
950 2978 1032 3031 quum
1056 2962 1143 3017 muita
1170 2962 1228 3017 siut

38 3039 84 3089 55.
158 3050 191 3086 ur
219 3032 308 3087 Sache
333 3032 390 3102 vgl
414 3032 476 3088 Sen.
500 3035 609 3102 quaest.
664 3035 779 3088 vaiacra
807 3032 894 3100 (faula
921 3031 1058 3103 Punkte)‚
1091 3033 1153 3102 quis
1180 3039 1226 3102 est,

37 3105 100 3162 nat.
112 3103 150 3172 V,
160 3109 190 3158 6:
203 3105 287 3175 ipuis,
296 3105 345 3172 qui
359 3105 452 3159 ommia
466 3105 610 3171 consumit,
663 3105 732 3174 quia
746 3103 905 3175 iuielieput?

37 3176 182 3245 quaedam
200 3176 380 3242 minatorem,
402 3176 508 3245 siquod
522 3175 610 3230 uideri
702 3181 743 3230 16.
759 3176 869 3231 ercitum.
892 3174 957 3244 Vgl.
973 3181 987 3240 ς
1002 3181 1050 3230 53:
1065 3191 1126 3230 eum
1140 3176 1225 3245 capii-

31 3253 130 3316 poteat
144 3263 202 3300 uou
219 3247 309 3301 simu
326 3248 392 3315 ocri,
411 3252 503 3302 tamem
515 3263 608 3302 vuum
664 3263 725 3301 eure
743 3248 899 3317 arpumeuti
917 3247 1020 3302 exitum
1037 3263 1095 3301 uou
1104 3247 1225 3316 potestis.

37 3324 95 3386 est,
131 3317 268 3372 amimalia
294 3319 357 3389 ipae
383 3319 518 3388 ymerum.
555 3317 608 3371 Dic
698 3318 745 3372 Sic
763 3320 835 3372 euim
854 3319 962 3373 dicebas
981 3319 1035 3374 etc.
1055 3318 1096 3371 Im
1116 3316 1225 3388 grollen

36 3390 123 3444 alten
142 3387 361 3442 Naturforscher
378 3389 523 3457 glaubtcn,
551 3386 608 3442 dau
662 3387 721 3442 und
739 3405 848 3458 ganzen
863 3387 1162 3458 oineWiederholung
1176 3389 1227 3442 der

37 3459 89 3514 die
111 3459 199 3514 Tiora
216 3477 279 3512 zum
290 3459 352 3514 Tell
368 3460 537 3514 entsti'mdon
556 3455 608 3514 oia
664 3459 790 3515 dunklen
809 3460 868 3513 und
886 3477 948 3514 zum
963 3459 1025 3514 Teil
1039 3458 1226 3515 miliverstan-

35 3527 71 3586 ἐκ
93 3528 186 3598 ζώων,
207 3526 263 3585 ἀλλ’
284 3527 439 3601 αὐτόματα,
458 3530 498 3583 im
512 3531 607 3598 Fcuer,
664 3531 755 3586 denen
776 3530 863 3585 Stella
887 3530 917 3584 in
940 3537 955 3598 ς
973 3537 1021 3597 49,
1046 3529 1153 3585 welche
1176 3531 1226 3584 da·

33 3601 250 3670 Wasser,Holz
260 3601 357 3673 (Arist.
372 3601 438 3658 hist.
454 3618 498 3656 an.
513 3601 546 3670 V,
554 3603 607 3670 19).
663 3602 753 3656 durch
763 3599 1225 3669 niehtanDeutlichkeitgewinnt.

33 3673 126 3728 Auch
142 3670 215 3726 Plin.
230 3691 258 3728 n.
273 3673 301 3728 h.
316 3673 363 3740 XI,
376 3680 412 3728 36
431 3673 539 3743 spricht
557 3689 613 3728 von
668 3671 777 3741 Wegen
791 3672 840 3727 der
849 3673 1014 3739 Bedeutung
1024 3672 1073 3725 der
1081 3670 1226 3725 einzelnen

33 3744 165 3800 solohan
199 3760 248 3798 aus
279 3743 368 3800 Feuer
397 3747 614 3814 entsprossenen
667 3744 831 3798 Ausdrir'cke
851 3761 872 3798 s.
887 3743 1021 3798 daselbst.

36 3817 161 3882 Tieren,
182 3831 213 3870 er
230 3817 320 3870 nennt
345 3815 385 3870 sie
412 3816 524 3886 pyrales
545 3816 613 3869 oder
704 3821 745 3870 17.
765 3817 879 3886 speciem
896 3811 955 3868 ‘die
975 3812 1079 3868 tudere
1097 3812 1226 3868 Erschei-

32 3889 206 3958 pyraustae.
665 3882 765 3955 nung’,
785 3893 848 3953 §49
867 3884 935 3940 hieu
955 3901 984 3940 es
997 3886 1052 3941 cim
1062 3891 1227 3941 cincturam

79 3965 130 4014 12.
162 3963 280 4013 suturae
302 3952 390 4011 ‘ihrer
421 3952 534 4025 Natur’‚
566 3955 612 4012 ein
666 3958 784 4014 morum.

34 4026 201 4097 wichtiger
220 4027 359 4083 stoischer
380 4027 523 4084 Lehrsatz.
546 4027 610 4098 Vgl.
714 4035 756 4083 19.
775 4030 905 4084 visionem
915 4054 946 4096 ss=
959 4029 1072 4084 m'deudi
1093 4029 1228 4084 rationem

34 4103 74 4156 de
97 4101 152 4154 fin.
166 4098 200 4167 V,
211 4105 258 4154 262
277 4099 325 4154 Eu
338 4117 391 4168 quc
405 4101 525 4170 inteliepi
537 4101 613 4156 debet
667 4099 804 4170 Dagcgen
829 4106 924 4166 §1092
942 4101 1079 4157 oisiormm
1103 4127 1130 4146 =
1157 4101 1226 4155 imu-

31 4171 157 4229 homimi
174 4171 205 4226 id
232 4187 286 4226 esse
313 4172 345 4226 iu
372 4173 451 4226 bouis
474 4172 612 4239 altimum,
665 4173 770 4242 uiuum.

31 4243 198 4300 secuudum
216 4248 348 4297 uotiuum
366 4243 462 4310 uicere,
481 4243 553 4311 quod
570 4244 612 4297 itu
701 4249 744 4298 το.
779 4258 812 4297 aa
843 4243 962 4310 inficitis
993 4244 1152 4313 corporibus
1188 4257 1226 4295 sc.

31 4318 279 4384 interpretamur.-
315 4315 402 4369 uicere
434 4330 468 4368 ea
493 4313 612 4369 homimis
665 4314 828 4382 mdiuiduis,
854 4314 900 4368 die
920 4316 1034 4381 Atome,
1062 4330 1112 4368 aus
1134 4311 1227 4367 denen

30 4393 154 4442 naama
181 4385 303 4454 audique
329 4386 452 4455 perfecta
483 4391 509 4440 ei
539 4384 612 4440 uitii
665 4383 712 4439 die
731 4383 920 4439 Gotterleiber
937 4383 1082 4439 bestehen.

26 4457 207 4529 requirente.
701 4463 744 4513 21.
763 4457 897 4512 similium
915 4471 953 4510 sc.
969 4471 1127 4524 corporum,
1149 4454 1226 4508 wth-
