2854 4864
433 317 877 390 LIB.111.eap.e-e.sr-11.
1180 323 1242 388 191

59 506 131 569 que
150 506 223 549 mea
242 482 405 550 sententia
423 483 557 548 minime
576 482 709 548 dubiam
727 484 985 569 argumentando
1004 484 1137 549 dubiam
1153 483 1245 550 facis.

58 571 221 638 Mandawi
245 572 332 638 enim
355 572 531 637 memoriae
554 594 621 637 non
643 595 815 637 numerum
838 573 958 657 solum,
988 573 1045 638 sed
1068 573 1168 638 etiam
1192 595 1243 638 or·

60 661 178 726 dinem
214 665 483 748 argumentorum
519 664 659 726 tuorum.
714 660 859 727 Primum
894 660 972 748 fuit,
1009 685 1082 727 cum
1119 663 1244 727 eaelum

60 750 340 836 suspexissemus,
377 750 492 815 statim
527 772 587 815 nos
624 751 815 837 intellegere
848 773 918 816 esse
950 751 1083 836 aliquod
1114 773 1244 835 numen,

25 859 39 900 s
63 861 134 925 quo
159 839 239 905 haec
262 844 427 926 regantur.
472 839 522 904 Ex
545 838 608 905 hoe
630 839 712 904 illud
735 839 848 904 etiam:

158 939 302 1048 Aspice
329 963 401 1029 hoc
429 961 597 1029 sublime
621 964 801 1050 candens,
825 987 935 1049 quem
958 962 1143 1118 ianocant
1166 987 1243 1030 om·

926 1075 994 1118 nes
1041 1076 1155 1120 orem.

61 1176 172 1254 Quasi
194 1199 270 1242 vero
294 1177 468 1263 quisquam
485 1182 636 1244 nostrum
654 1178 756 1243 istum
773 1177 885 1262 potius
904 1201 1003 1263 quam
1022 1175 1243 1262 Capitolinum
1265 1192 1296 1239 11

59 1268 180 1333 Iovem
199 1266 342 1350 appellet
360 1270 417 1331 aut
434 1266 497 1332 hoc
515 1267 723 1352 perspicuum
743 1267 787 1332 sit
806 1270 998 1352 constetque
1016 1267 1103 1332 inter
1122 1288 1244 1351 omnes,

61 1378 122 1421 eos
155 1377 227 1420 esse
255 1355 346 1439 deos,
377 1377 458 1440 quos
486 1356 548 1422 tibi
571 1354 716 1421 Velleius
740 1355 900 1441 multique
922 1362 1092 1441 praeterea
1114 1377 1155 1420 ne
1179 1355 1245 1420 ani-

13 1464 40 1503 ιο
61 1449 195 1509 mantes
233 1443 364 1529 quidem
400 1467 471 1510 esse
503 1445 689 1510 concedant.
745 1443 851 1510 Grave
883 1445 983 1511 etiam
1014 1448 1244 1532 argumentum

62 1534 130 1598 tibi
153 1533 339 1617 ridebatur,
367 1533 453 1619 quod
488 1534 598 1618 opinio
622 1534 661 1598 de
685 1535 733 1599 die
757 1534 999 1600 immortalibus
1032 1538 1066 1599 et
1098 1533 1244 1598 omnium
1280 1597 1284 1606 ,

64 1626 156 1687 esset
179 1628 212 1687 et
236 1621 356 1687 cotidie
380 1627 548 1688 cresceret.
599 1622 712 1688 Placet
739 1623 843 1710 igitur
871 1627 981 1690 tantas
1009 1645 1061 1688 res
1091 1623 1243 1708 opinione

22 1766 33 1784 ι
62 1710 247 1776 stultorum
266 1710 415 1796 iudicari,
447 1711 540 1777 vobis
572 1713 780 1797 praesertim,
813 1713 869 1798 qui
900 1713 976 1778 illos
1008 1713 1141 1777 insanos
1173 1733 1244 1777 esse

61 1799 210 1865 dicatis?
255 1800 302 1865 At
325 1801 412 1864 enim
430 1805 618 1885 praesentes
637 1802 783 1866 videmus
803 1801 894 1887 deos,
917 1806 955 1867 ut
974 1801 1059 1886 apud
1077 1800 1244 1887 Regillum
1263 1805 1287 1871 5

16 1909 42 1950 re
62 1889 271 1972 Postumius,
290 1889 324 1953 in
344 1888 470 1955 Salaria
479 1889 648 1975 Vatinius,
666 1890 776 1955 neseio
796 1890 874 1975 quid
893 1891 993 1955 etiam
1011 1890 1050 1954 de
1065 1888 1244 1955 Locrorum

63 1979 156 2062 apud
180 1976 318 2064 Sagram
339 1979 474 2064 proelio
522 1977 609 2055 Quos
633 1979 737 2066 igitur
759 1983 797 2042 tu
819 1978 1020 2064 Tyndaridas
1045 1977 1243 2063 appellabas,

62 2066 100 2132 id
125 2071 177 2132 est
198 2066 348 2132 homines
371 2067 504 2134 homine
531 2073 641 2155 natos,
670 2072 703 2133 et
731 2090 813 2154 quos
841 2067 1019 2153 Homerus,
1047 2067 1103 2152 qui
1130 2088 1243 2132 recens

106 2301 131 2349 1.
141 2297 421 2367 remcrpumeatando
430 2296 543 2352 caeam
549 2298 629 2365 facis.
685 2295 854 2351 schlielllich
870 2295 936 2366 jone
954 2311 1045 2351 omnes
1065 2295 1243 2350 ausmachen.

65 2365 187 2421 Proclus
215 2385 238 2422 a.
267 2365 339 2422 Plat.
368 2366 441 2422 Tim.
468 2385 496 2437 p.
520 2373 586 2424 416:
614 2363 630 2424 ὁ
685 2367 712 2425 S.
727 2367 749 2436 I,
761 2374 804 2424 23.

64 2435 165 2493 πάντα
176 2433 360 2493 daciscum&
370 2437 525 2508 νενομικὼς
538 2435 629 2509 αὐτὴν
720 2440 834 2495 manos
840 2438 1007 2495 caecicatis.
1023 2437 1079 2494 Cic.
1089 2437 1188 2492 Parad.
1194 2437 1243 2492 IV:

64 2507 190 2579 μάλιστα
208 2506 259 2578 τὴν
278 2504 426 2575 ἀπόδειξιν
445 2504 566 2580 ἀναιρεῖ.
684 2504 727 2564 ὅτι
745 2512 802 2574 πᾶς
821 2505 922 2581 ἄφρων
941 2511 1081 2580 μαίνεται.
1099 2509 1157 2564 Der
1170 2509 1240 2564 Vor-

104 2585 130 2635 5.
149 2581 216 2636 haec
233 2579 324 2634 ‘disse
343 2575 441 2636 Welt'.
683 2581 759 2636 wurf
770 2581 820 2637 des
835 2580 919 2637 Cotta
932 2580 970 2636 ist
984 2580 1064 2636 nicht
1077 2581 1243 2651 ungerecht·

104 2657 131 2706 6.
149 2651 249 2721 Aspice
268 2653 321 2706 etc.
359 2650 386 2706 S.
401 2670 423 2707 z.
438 2652 508 2720 11,4,
683 2651 791 2722 fertigt.

105 2728 130 2777 ἵ.
151 2722 239 2793 Quasi
255 2738 317 2778 cero
334 2725 479 2793 enicem
493 2725 546 2778 etc.
565 2722 629 2778 Dall
721 2729 763 2779 14.
773 2725 812 2780 At
825 2724 907 2790 enim,
917 2721 964 2778 ein
974 2722 1103 2777 ltinwurf
1110 2722 1159 2776 des
1169 2721 1243 2776 Aka-

64 2795 120 2849 cler
144 2792 232 2863 grette
256 2793 347 2848 Haufe
375 2793 420 2848 die
445 2793 630 2865 Vorstellung
684 2792 1242 2851 demikersausdemSinnedesStoikers.

64 2882 125 2919 von
154 2865 204 2918 der
230 2863 361 2919 Gottheit
383 2864 464 2920 nicht
490 2882 546 2921 von
574 2866 629 2920 den
721 2871 762 2921 15.
782 2868 813 2921 in
841 2865 960 2921 Salaria.
1005 2864 1057 2918 Die
1084 2863 1243 2920 Salzstrasse

64 2934 187 2990 Bildem
209 2934 357 2990 derselben
378 2953 412 2990 au
431 2937 550 2991 wennen
568 2953 628 2992 ver·
683 2936 777 2992 flihrte
798 2954 852 2991 von
865 2936 936 2990 Rom
955 2935 985 2990 in
1000 2937 1050 2990 das
1065 2934 1243 3002 Sabinieche3

64 3006 194 3074 mochte,
223 3005 305 3060 daria
335 3006 387 3062 hat
419 3005 502 3062 Cotta
528 3007 629 3063 Recht.
684 3007 725 3062 sie
748 3008 844 3062 wurde
872 3024 903 3062 so
930 3010 1067 3077 genennt,
1100 3006 1166 3062 weil
1197 3008 1244 3062 die

66 3077 133 3131 Dal]
159 3093 188 3132 es
215 3077 283 3132 aber
309 3078 436 3133 danaber
465 3078 538 3134 viele
564 3080 629 3149 gab,
684 3078 804 3134 Sabiner
822 3078 874 3133 auf
889 3079 1038 3134 derselben
1056 3077 1102 3132 ihr
1116 3077 1179 3134 Sale
1193 3095 1243 3132 aus

67 3149 117 3203 die
135 3147 243 3204 rainere
262 3148 395 3219 religiose
408 3149 630 3220 Vorstellungcn
684 3151 739 3204 den
768 3149 883 3204 Salinen
908 3166 963 3204 von
990 3149 1071 3204 Ostia
1097 3167 1131 3203 zu
1157 3149 1244 3206 helen

65 3219 207 3288 besallen,
240 3219 280 3274 ist
310 3219 529 3281 unrweifelhaft.
577 3220 630 3275 Die
683 3222 816 3292 pflegten.
840 3251 874 3262 -
897 3209 973 3276 liber
999 3221 1159 3276 Postumius
1186 3221 1244 3275 und

64 3289 190 3345 Ansieht
216 3291 267 3345 der
301 3291 438 3346 letrteren
475 3292 556 3362 glebt
591 3291 631 3346 im
688 3293 817 3348 Vatinius
836 3309 857 3348 s.
872 3311 894 3347 z.
909 3292 943 3360 ΙΙ,
955 3299 979 3348 6.

66 3361 259 3432 allgemeinen
292 3361 399 3418 Seneca
433 3362 538 3419 wieder
572 3367 630 3420 nat.
719 3366 752 3420 de
776 3365 930 3435 —proelio
954 3382 992 3419 sc.
1010 3370 1153 3420 narrator.
1190 3362 1243 3419 Dis

67 3435 179 3503 quaest.
198 3433 291 3502 lise:
310 3433 355 3490 Ne
372 3435 422 3489 hoc
446 3436 553 3504 quidem
576 3452 630 3491 cre·
684 3435 791 3506 Ellipse
820 3437 869 3490 des
896 3435 1048 3503 Verbums,
1080 3452 1128 3489 um
1159 3436 1243 3490 resch

66 3506 214 3573 siderant,
237 3504 345 3572 Jccem‚
368 3507 473 3576 qualem
497 3508 529 3561 ia
548 3505 630 3579 Ocpi·
684 3507 754 3561 iiber
786 3506 868 3562 einen
900 3505 1081 3576 Gegenstand
1118 3504 1242 3575 hinweg·

66 3577 136 3632 tolio
154 3582 180 3630 et
197 3577 229 3631 ia
254 3577 348 3632 ceteris
372 3578 487 3632 metus
507 3578 631 3647 colimus,
685 3578 821 3648 angeheri,
836 3578 901 3631 dem
915 3577 999 3632 Cotta
1012 3577 1105 3646 wenig
1114 3575 1244 3630 Gewicht

66 3649 175 3705 mittere
191 3663 278 3702 manc
294 3648 430 3716 fulmina,
448 3650 494 3704 ced
507 3651 629 3718 mem,
685 3652 787 3717 (meio
800 3649 879 3720 qaid)
898 3646 957 3701 und
979 3646 1243 3716 Glaubwr'irdigkeit

66 3735 147 3789 quem
159 3717 490 3790 eoe,Jocemineeuc91mt
502 3726 630 3776 rectorem
683 3719 812 3776 beimillt.

67 3789 256 3858 aeneamque
280 3791 415 3858 emicersi,
445 3792 570 3846 enimam
596 3809 630 3847 ac
720 3797 762 3846 1‘1.
777 3792 883 3847 tomice
896 3796 985 3859 natos,
999 3807 1020 3845 e.
1035 3789 1095 3857 11,e
1110 3807 1132 3846 a.
1148 3787 1243 3846 Castor

65 3861 199 3932 spiritam
216 3861 329 3928 meridi,
347 3863 436 3931 operis
447 3862 531 3918 taius
544 3863 628 3918 mmi-
683 3869 708 3918 et
725 3863 832 3919 Polluce.

65 3948 137 3987 num
155 3938 180 3987 et
197 3933 345 4000 ultricem,
368 3934 415 3988 cci
432 3949 530 3989 nomen
553 3950 630 3990 omne
718 3950 810 3990 recens
827 3935 873 4024 ab,
892 3932 946 4002 sig.
970 3931 1058 3987 frisch
1075 3948 1132 3988 von
1156 3933 1242 3986 etwas

66 4004 201 4059 convenit.
683 4021 726 4060 wc
752 4047 759 4074 ,

104 4074 189 4128 mium
204 4105 251 4136 ,-
284 4092 303 4129 a
342 4075 400 4130 ellel
436 4071 480 4129 ‘so
518 4092 631 4131 nennen
684 4023 747 4130 dag
759 4075 819 4131 also
838 4075 943 4133 Homer
960 4074 1056 4146 gleiclr
1073 4075 1104 4130 in
1122 4073 1169 4130 die
1183 4075 1244 4129 Zeit

67 4142 277 4215 mochte'.Vgl.
334 4145 507 4213 ·1.x111,aa=
523 4147 630 4218 ospor-
684 4148 758 4201 nach
795 4147 861 4202 dem
899 4145 1104 4217 Trojanisehen
1139 4145 1243 4214 Kriege

68 4219 146 4271 tace!
163 4232 240 4286 quem
257 4219 331 4273 enim
344 4223 369 4272 te
383 4219 479 4288 petiae
492 4221 629 4289 appellem.
706 4220 796 4273 esetat
813 4218 892 4276 wird.
930 4219 975 4272 An
993 4218 1116 4273 anderen
1135 4216 1243 4271 Stellen

90 4292 131 4369 ’9.
160 4304 204 4343 cos
231 4305 285 4345 esee
303 4289 379 4357 deoc,
403 4288 449 4343 dic
467 4288 546 4345 Welt
572 4291 631 4345 und
684 4236 865 4360 iolgtcicero
885 4290 935 4344 der
948 4291 1071 4345 anderen
1086 4286 1242 4356 Tradition,

68 4359 116 4413 dre
134 4356 273 4415 Gestirne.
684 4360 792 4416 welche
831 4360 936 4416 Homer
971 4378 1005 4414 au
1041 4359 1132 4415 einem
1169 4358 1242 4412 Zeit-

107 4435 149 4485 12.
167 4432 266 4486 cotidie
285 4437 417 4487 cresceret
454 4430 520 4502 Vgl.
533 4432 607 4501 lae.
684 4447 822 4502 gencseen
859 4433 908 4487 des
949 4431 1096 4501 Lykurgos
1137 4431 1241 4486 mscht.

106 4507 150 4558 13.
168 4503 330 4571 stultorum,
353 4502 460 4557 welche
484 4503 541 4558 fast
567 4520 629 4559 aus·
682 4503 763 4558 'lusa
778 4502 811 4571 V,
823 4509 848 4558 τ.

779 4005 806 4060 d.
827 4003 845 4059 i.
873 4003 1058 4059 unmittelbar
1083 3999 1178 4073 nach',
1212 4021 1243 4058 so
