2854 4864
203 274 267 338 168
584 266 633 320 DE
652 265 805 320 NATURA
823 263 988 320 DEORUM.

203 430 244 496 ad
258 429 429 495 serendum
443 429 608 514 relinquit.
632 428 903 513 Mesopotamiam
917 426 1059 492 fertilem
1070 426 1172 492 efficit
1181 426 1376 512 Euphrates,

202 521 239 584 in
262 542 360 604 qnam
383 529 464 603 quot
487 540 589 582 annos
614 518 708 602 quasi
730 539 832 582 novos
856 538 954 603 agros
982 515 1117 581 invehit.
1162 515 1263 580 Indus
1290 540 1375 601 vero,

204 609 261 694 qui
284 613 335 673 est
359 607 504 672 omnium
527 606 700 670 flumInum
727 606 902 690 maximus,
931 627 999 670 non
1029 627 1114 689 aqua
1143 604 1249 669 solum
1280 628 1373 690 agros
1415 639 1416 682 ι

203 697 361 762 laetificat
383 699 417 759 et
445 695 590 780 mitigat,
614 695 670 760 sed
698 717 752 759 eos
785 698 884 758 etlam
917 693 1072 777 conserit3
1105 715 1259 780 magnam
1292 695 1375 757 enim

204 786 271 850 vim
308 784 468 849 seminum
505 806 615 848 secum
650 782 807 847 frumenti
848 782 1005 848 similium
1046 782 1166 846 dicitur
1197 782 1401 867 deportares

144 887 194 938 131
205 873 373 957 Multaque
397 872 461 936 alia
483 871 518 936 in
541 871 612 936 aliis
636 872 717 936 locis
741 871 1039 936 commemorabilia
1060 871 1206 954 proferre
1233 893 1378 955 possum,

144 965 187 1031 53
205 961 326 1026 multos
349 960 475 1025 fertiles
498 982 595 1046 agros
620 961 701 1025 alios
725 960 863 1025 aliorum
885 959 1061 1024 fructuum.
1098 957 1161 1023 Sed
1179 959 1237 1023 illa
1256 965 1379 1048 quanta

206 1049 393 1136 benigniias
416 1053 565 1135 naturae,
589 1049 675 1134 quod
698 1054 767 1113 tarn
790 1049 894 1113 multa
912 1048 953 1112 ad
970 1048 1178 1132 vescendum,
1201 1052 1272 1112 tam
1290 1048 1379 1112 varia

207 1143 240 1204 et
262 1143 331 1203 tam
353 1138 494 1203 iucunda
518 1138 641 1224 gignit,
662 1160 766 1223 neque
781 1160 819 1201 ea
832 1159 897 1201 uno
916 1141 1062 1222 tempore
1081 1136 1172 1221 anni,
1195 1142 1233 1201 ut
1252 1159 1379 1220 semper

207 1234 240 1293 et
266 1227 414 1305 novitate
443 1227 640 1291 delectemur
668 1231 701 1290 et
729 1226 834 1310 copial
886 1223 991 1300 Quam
1022 1225 1236 1309 tempestivos
1270 1231 1414 1289 autema

207 1315 309 1401 dedit,
329 1338 426 1400 quam
446 1315 605 1380 salutares
623 1337 690 1379 non
708 1315 804 1380 modo
822 1313 1006 1398 hominum,
1025 1315 1082 1378 sed
1100 1314 1201 1379 etiam
1219 1314 1380 1398 pecudum

207 1405 332 1492 generi,
358 1404 399 1469 iis
431 1403 568 1488 denique
597 1402 756 1488 omnibus,
789 1425 871 1488 quae
902 1403 1052 1467 oriuntur
1086 1425 1102 1467 e
1132 1407 1235 1487 terra,
1265 1409 1380 1467 ventos

207 1493 354 1558 Etesiasl
378 1514 516 1576 quorum
539 1491 620 1556 flatu
649 1492 743 1556 nimii
775 1497 1001 1576 temperantur
1032 1491 1170 1574 calores,
1203 1491 1244 1556 ab
1278 1492 1381 1555 isdem

209 1581 309 1646 etiam
333 1580 492 1644 maritimi
515 1602 627 1645 cursus
652 1581 771 1644 celeres
790 1586 823 1645 et
847 1581 927 1644 certi
947 1579 1147 1666 deriguntur.
1171 1579 1279 1644 Multa
1291 1603 1381 1664 prae

147 1683 199 1736 131
209 1669 366 1732 tereunda
389 1673 467 1732 sunt
491 1671 537 1749 [et
567 1673 678 1734 tamen
706 1670 811 1734 multa
841 1669 1015 1749 dicuntur}
1068 1668 1266 1733 Enumerari
1295 1670 1380 1732 enim
1395 1685 1413 1726 ιι

208 1779 277 1821 ιιοιι
297 1762 436 1841 possunt
457 1757 629 1822 fluminum
653 1758 932 1842 opportunitates,
960 1761 1069 1822 aestus
1097 1757 1256 1821 maritimi
1286 1758 1379 1838 [mul-

209 1849 293 1927 tum]
319 1846 506 1911 accedentes
531 1850 564 1911 et
587 1847 787 1931 recedentes,
810 1851 938 1910 montes
957 1845 1070 1910 vestiti
1088 1851 1186 1930 atque
1206 1846 1381 1929 silvestres,

210 1935 332 2000 salinae
356 1936 397 1999 ab
421 1957 479 2001 ora
502 1935 667 2000 maritima
689 1935 941 2018 remotissimae,
965 1935 1277 1999 medicamentorum
1300 1935 1381 1998 salu-

210 2024 330 2088 tarium
352 2024 561 2107 plenissimae
585 2027 704 2108 terrae,
727 2024 887 2089 utilitates
911 2024 1049 2107 denique
1072 2023 1328 2087 innumerabiles
1343 2023 1380 2086 ad

209 2113 332 2177 victum
356 2116 390 2176 et
413 2113 453 2176 ad
474 2113 577 2177 vitam
595 2111 804 2176 necessariae.
827 2111 898 2176 Iam
917 2112 982 2177 diei
999 2112 1171 2196 noctisque
1189 2111 1412 2188 vicissitudoa

211 2205 381 2266 conservat
404 2201 584 2265 animantes
607 2201 754 2264 tribuens
770 2201 857 2265 aliud
876 2201 993 2286 agendi
1013 2205 1159 2284 tempus,
1184 2200 1273 2264 aliud
1296 2201 1380 2285 quie·

248 2450 272 2498 1.
290 2443 460 2513 Euphrates,
484 2444 555 2498 Plin.
574 2463 601 2501 n.
620 2445 647 2500 h.
667 2444 699 2513 V,
720 2451 767 2499 26:
822 2444 880 2500 Liv.
895 2445 928 2511 V,
940 2452 981 2513 81,
993 2461 1018 2500 a:
1044 2445 1139 2500 Gallia
1160 2446 1275 2516 [rapam
1297 2446 1380 2499 homi-

211 2517 338 2570 a'acreem't
356 2523 446 2571 actem
465 2515 645 2587 (Euphrates)
669 2523 694 2571 et
712 2518 769 2585 Ipse
793 2563 794 2568 ,
822 2534 940 2586 namque
956 2519 1065 2585 fendis.
1094 2516 1161 2571 Sall.
1180 2518 1239 2586 lug.
1253 2516 1341 2584 XVII,
1353 2524 1380 2570 5:

210 2587 276 2642 Nus·
306 2588 384 2642 modo
415 2589 494 2641 statis
524 2589 619 2642 dietas
651 2589 769 2656 paulam
823 2605 889 2658 aper
905 2589 1019 2658 fraqam
1036 2589 1144 2656 feralis.

211 2658 329 2726 da'ffasas
347 2675 381 2713 ac
398 2659 622 2728 Mesopotamiam
641 2660 769 2712 iaaadat.
861 2665 901 2712 12.
920 2665 1011 2713 acatos
1028 2659 1152 2720 Etesiae,
1180 2658 1226 2713 die
1248 2659 1380 2712 wahrend

247 2734 272 2784 2.
299 2737 363 2798 qaot
390 2746 490 2797 canos,
519 2731 573 2797 eig.
602 2729 658 2783 alle
684 2730 769 2783 Jahro
824 2729 875 2783 der
892 2729 1059 2799 Hundstage
1077 2729 1106 2782 in
1125 2729 1181 2783 den
1199 2728 1380 2783 Mittelmeer·

211 2799 364 2867 bindurch,
383 2800 502 2855 bertihrt
529 2799 590 2854 sich
617 2800 690 2854 nahe
717 2801 771 2853 mit
826 2801 943 2854 laudern
957 2801 1112 2854 webenden
1130 2800 1379 2855 Nordwestwinde.

211 2878 276 2940 quot
292 2873 382 2936 cacis,
403 2871 440 2923 da
457 2887 521 2924 man
540 2887 596 2924 von
614 2871 691 2939 dem,
713 2888 769 2924 was
861 2877 902 2925 14.
921 2873 1015 2926 celeres
1033 2879 1057 2927 et
1071 2873 1147 2940 certi,
1166 2871 1212 2926 die
1226 2871 1312 2940 Folge
1329 2889 1380 2924 von

212 2940 273 2995 sich
296 2941 352 2995 alle
381 2942 465 2995 Jahre
493 2940 668 3010 winderholt,
697 2942 770 2994 auch
823 2943 996 3013 declamatur,
1019 2959 1049 2996 so
1073 2943 1129 2997 dass
1153 2941 1199 2996 die
1219 2941 1380 2996 Seelahrten

212 3028 299 3080 sagon
309 3012 393 3078 kann,
413 3011 469 3064 dall
487 3028 516 3065 es
530 3013 663 3065 wahrend
678 3013 769 3067 dteses
824 3011 1378 3081 schnellundsichervonstattengehon.

212 3082 301 3135 durch
328 3088 392 3151 qaot
423 3084 506 3137 amata
536 3083 665 3137 fixierten
696 3083 769 3138 Zeit·
862 3091 903 3139 15.
931 3085 972 3155 [et
1003 3091 1093 3138 tamea
1119 3086 1206 3139 malta
1235 3085 1382 3156 dicantar]

211 3167 322 3207 raumes
341 3152 496 3222 geschieht
751 3211 754 3220 ,
825 3155 871 3209 die
885 3155 1140 3224 Randbemerkupg
1155 3155 1231 3209 eines
1245 3157 1378 3225 ungedul-

248 3230 272 3277 3.
307 3227 458 3291 mocimus,
495 3225 557 3280 eine
595 3224 770 3279 irrtdmliche
825 3225 911 3296 digen
929 3227 1035 3292 Lesers,
1056 3226 1178 3280 welcher
1193 3225 1289 3281 Cicero
1308 3229 1380 3280 truta

211 3293 410 3364 Vorstellung,
438 3295 483 3349 die
511 3295 596 3359 viele,
617 3297 666 3350 der
693 3297 770 3349 alten
825 3298 873 3350 des
904 3297 958 3351 mit
984 3299 1071 3352 matta
1099 3299 1299 3366 praetereunda
1317 3304 1395 3352 aaut·

213 3364 416 3420 Schriftsteller
434 3366 487 3420 mit
505 3366 602 3421 Cicero
621 3366 717 3423 teilen.
736 3398 770 3407 -
824 3369 1055 3438 angeln'indigten
1075 3367 1220 3422 Schlusses
1248 3368 1279 3422 in
1305 3370 1379 3422 dem-

212 3435 320 3505 Wegen
348 3438 397 3491 das
423 3437 543 3491 Maskul.
566 3457 587 3493 s.
608 3436 769 3506 Ell-Seyff.
825 3438 921 3492 selben
941 3440 1049 3493 Thema
1065 3439 1224 3493 fortfabren
1243 3441 1323 3493 steht.

213 3505 258 3562 Gr.
271 3508 356 3562 1321
371 3515 395 3562 2.
861 3515 902 3563 16.
921 3510 1068 3581 [maltam]
1087 3509 1198 3564 scheint
1216 3511 1380 3564 eatstanden

247 3584 271 3634 4.
291 3575 558 3648 laetificat³d1¹ingt'.
596 3577 668 3632 Plin.
695 3597 722 3631 n.
742 3578 769 3632 h.
825 3597 859 3633 zu
869 3580 930 3634 sein
940 3597 989 3633 aus
1000 3580 1078 3634 einer
1091 3581 1380 3651 fibergeschriebeneu

214 3649 319 3720 XVIII,
345 3657 391 3704 12:
429 3652 497 3717 [aba
528 3651 614 3704 solam
642 3650 771 3717 laetificat
824 3650 1381 3720 Variantetam-tam(tamaccedemes,

210 3715 769 3795 stercoriscice.-mita'pot‘lookertauf'.
824 3728 882 3776 tam
900 3725 1005 3790 moed).

248 3797 271 3845 5.
281 3793 414 3859 frameati
420 3793 559 3845 similium.
574 3790 698 3847 Ahnlich
707 3793 771 3859 sagt
861 3799 902 3847 17.
922 3795 1012 3849 aestati
1026 3811 1064 3848 sc.
1078 3795 1201 3863 floribus,
1220 3795 1316 3850 herbis.
1331 3793 1380 3854 ,ΟΕ

212 3861 313 3916 Strabo
334 3861 392 3929 XV,
415 3881 442 3931 p.
460 3866 525 3927 694,
543 3860 599 3915 dall
620 3861 650 3915 in
671 3861 771 3915 lndien
823 3863 911 3931 ll,98.

212 3931 335 3985 wachsee
349 3938 425 3985 σῖτον
436 3928 505 4004 adro
531 3934 566 4000 vri
584 3934 663 4005 πυρῷ
678 3953 769 4000 παρα·
861 3941 902 3989 18.
921 3935 1080 3990 satiarent
1104 3951 1154 3990 ora
1178 3937 1269 3992 morit.
1291 3943 1380 3992 remot.

210 3999 336 4068 πλήσιον,
360 4001 413 4055 Mit
427 4003 481 4056 den
521 4003 769 4058 berschwemmun-
823 4004 990 4060 Natdrlicho
1022 4006 1175 4075 Salzlager,
1206 4007 1245 4060 im
1273 4006 1379 4076 Gegan-

212 4071 326 4197 ssendes
339 4073 424 4126 Indus
436 4075 531 4143 bringt
541 4075 682 4145 erjedoch
692 4076 769 4130 diese
824 4081 882 4130 sata
901 4095 934 4130 zu
949 4079 1013 4131 dem
1027 4077 1198 4132 vermIttelst
1213 4078 1380 4133 Seewassers
1415 4135 1416 4148 ,

237 4143 407 4212 rschomung
426 4144 507 4199 nicht
529 4145 559 4199 in
576 4146 768 4216 Verbindung.
823 4165 845 4202 z.
870 4146 900 4202 B.
925 4147 957 4200 in
985 4149 1039 4202 den
1068 4148 1184 4202 Saline-n
1216 4166 1272 4203 von
1303 4149 1381 4208 Ostia
1415 4155 1416 4194 l

250 4220 274 4268 7.
302 4216 421 4270 aliorum
452 4218 602 4283 fractaam.
655 4219 770 4273 Fertilis
823 4217 969 4272 ln'instlich
987 4236 1179 4286 gewonnenen
1198 4219 1284 4276 Salac.
1415 4209 1416 4278 l

210 4284 264 4340 mit
291 4285 355 4340 dem
373 4286 470 4343 Genet.
490 4288 571 4345 relat,
595 4289 683 4344 findet
708 4289 770 4343 sloh
861 4291 1063 4358 tumulantes,
1092 4290 1155 4345 eine
1173 4291 1380 4360 Verbesserung
1415 4289 1416 4336 l

211 4357 259 4412 boi
273 4356 369 4412 Cicero
385 4377 436 4412 nur
454 4376 489 4412 an
504 4360 597 4414 dieser
612 4360 708 4426 Stella,
722 4359 769 4413 bei
823 4359 917 4414 Kochs
936 4362 1006 4414 statt
1029 4361 1078 4414 des
1097 4361 1211 4416 hdscbr.
1232 4368 1308 4417 artes.
1353 4364 1378 4418 S.
1415 4385 1416 4404 ³

211 4429 494 4485 ansernprosanern
506 4430 768 4499 niehtsehen.vgl.
823 4449 844 4486 z.
861 4432 880 4498 1,
891 4436 933 4498 aa,
953 4431 1009 4500 vgl.
1025 4432 1059 4500 11,
1073 4439 1129 4487 ιιι.
