2832 4870
162 248 227 314 234
545 241 595 296 ΒΕ
614 241 768 297 NATURA
787 240 950 297 DEORUM.

99 407 145 474 35
163 407 313 474 homines
336 405 485 472 adiunxit
507 405 669 472 iniuriam.
697 405 795 472 Hunc
808 405 912 493 igitur
925 427 985 472 nec
1000 405 1173 491 Olympius
1188 405 1343 492 Iuppiter

161 496 299 562 fulmine
321 495 485 580 percussit
507 516 567 561 nea
590 495 805 579 Aesculapius
830 495 949 561 misero
973 495 1193 582 diuturnoque
1222 497 1342 562 morbo

162 587 385 652 tabescentem
420 584 601 670 interemit,
642 589 741 670 atque
776 584 813 648 in
848 605 907 650 suo
948 585 1069 650 lectulo
1111 589 1264 651 mortuus
1307 586 1343 650 in

164 674 376 760 [tyrannidis]
400 695 519 760 rogum
537 673 659 739 inlatus
684 677 735 738 est
758 695 893 759 eamque
916 677 1125 760 potestatem,
1149 697 1249 760 quam
1268 675 1341 759 ipse

161 786 220 850 per
243 763 348 829 scelus
372 766 443 827 erat
460 767 614 848 nanctus,
636 762 731 849 quasi
749 762 871 828 iustam
891 767 925 828 et
942 762 1126 850 legitimam
1144 763 1340 829 hereditatis
1358 782 1370 822 ⁵

107 853 235 918 soloce
258 851 327 916 filio
351 851 494 916 tradidit.
540 851 650 917 Invita
671 852 708 916 in
724 851 788 917 hoc
806 851 878 917 loco
897 856 1046 917 versatur
1065 853 1185 938 oratic,
1208 853 1341 918 videtur

163 941 251 1006 enim
274 940 505 1010 auctoritatem
527 940 653 1006 adferre
685 940 854 1027 peccandi3
883 945 973 1006 recte
1001 940 1180 1026 videretur,
1210 942 1276 1006 nisi
1307 947 1341 1007 et

162 1029 295 1095 virtutis
319 1034 353 1095 ct
374 1029 531 1096 vitiorum
554 1030 624 1095 sine
646 1029 715 1094 ulla
737 1029 847 1095 divina
870 1030 996 1096 ratione
1020 1052 1119 1117 grave
1136 1030 1242 1116 ipsius
1262 1053 1340 1096 con-

162 1118 318 1186 scientiae
340 1119 467 1204 pondus
491 1123 602 1204 esset„
618 1142 682 1204 qua
706 1119 836 1186 sublate
864 1119 972 1184 iacent
1002 1120 1119 1185 omnia.
1173 1119 1221 1185 Ut
1251 1120 1341 1184 enim

161 1231 222 1274 nec
245 1208 359 1274 domus
382 1230 443 1274 nec
465 1231 517 1274 res
540 1208 672 1293 publica
694 1207 822 1273 ratione
845 1208 985 1294 quadam
1008 1213 1043 1274 et
1071 1208 1245 1294 disciplina
1272 1209 1384 1274 dis-1⁰

163 1297 294 1384 signata
316 1297 479 1382 videatur,
503 1298 531 1363 si
554 1297 589 1362 in
621 1319 660 1362 ea
690 1319 750 1362 nec
781 1301 870 1363 recte
902 1296 999 1362 factis
1029 1298 1175 1382 praemia
1208 1302 1340 1363 exstent
1414 1363 1415 1376 ,

161 1387 230 1451 ulla
260 1407 321 1451 nec
357 1386 517 1470 supplicia
553 1386 710 1472 peccatis,
740 1385 788 1451 sic
814 1386 927 1451 mnndi
950 1387 1060 1452 divina
1093 1387 1141 1468 [in
1171 1386 1338 1468 homines]
1414 1389 1415 1462 l

162 1475 342 1540 moderatio
360 1474 509 1559 profecto
531 1476 622 1540 nulla
649 1479 709 1561 est,
741 1475 769 1541 si
800 1476 837 1540 in
863 1497 901 1540 ea
928 1475 1102 1541 discrimen
1132 1476 1259 1540 nullum
1288 1481 1341 1540 est
1414 1509 1415 1562 3

161 1563 322 1629 bonorum
345 1567 378 1627 et
401 1563 569 1628 malorum.
1414 1569 1415 1648 ζ

108 1667 143 1716 aa
252 1650 299 1715 At
322 1651 408 1716 enim
432 1651 559 1719 minora
582 1653 613 1718 di
637 1654 818 1741 neglegunt
839 1676 945 1740 neque
975 1656 1099 1742 agellos
1130 1654 1339 1741 singulorum
1360 1673 1384 1714 1⁵
1414 1661 1415 1724 3

162 1763 221 1807 nce
245 1740 396 1806 viticulas
420 1747 661 1828 persequuntur
682 1765 757 1828 nec,
780 1743 809 1808 si
826 1743 927 1809 uredo
947 1749 1004 1809 aut
1023 1744 1147 1831 grando
1166 1743 1338 1829 quippiam

161 1829 288 1914 nocuit,
310 1829 344 1894 id
367 1830 439 1897 lovi
467 1831 789 1897 animadvertendum
820 1831 898 1918 fuit,
927 1855 968 1898 ne
999 1834 1033 1897 in
1065 1833 1175 1919 regnis
1206 1833 1340 1918 quidem

162 1941 257 2007 reges
281 1919 391 1985 omnia
414 1920 550 1986 minima
568 1926 696 2006 curant3
721 1922 769 1986 sic
787 1921 874 1986 enim
893 1920 1012 1987 dicitis.
1037 1921 1138 1998 Quasi
1158 1943 1219 2008 ego
1238 1923 1340 2006 paulo

163 2013 239 2075 ante
258 2008 297 2073 de
315 2007 417 2074 fundo
435 2008 612 2075 Formiano
632 2009 669 2076 P.
687 2009 805 2074 Rutilii
824 2011 887 2076 sim
906 2016 1055 2096 questus,
1072 2033 1140 2075 non
1158 2011 1198 2075 de
1216 2011 1343 2076 amissa

99 2104 143 2170 36
164 2099 277 2164 salute.
323 2095 433 2183 Atque
456 2097 519 2164 hoc
542 2099 673 2185 quidem
697 2121 809 2165 omnes
833 2101 988 2165 mortales
1012 2101 1059 2165 sic
1077 2099 1209 2184 habent,
1233 2104 1342 2164 exter-
1360 2121 1384 2160 ao

160 2211 221 2254 nas
245 2187 508 2274 commoditates,
531 2189 656 2273 vineta,
679 2192 821 2275 segetes,
845 2188 979 2274 oliveta,
997 2190 1183 2254 ubertatem
1201 2188 1341 2274 frugum

198 2371 222 2418 3.
242 2369 331 2432 atque,
350 2379 371 2416 s.
387 2363 454 2431 lut
468 2381 490 2417 a.
505 2364 599 2432 atque.
774 2364 876 2418 wortet
920 2362 1058 2433 gelassen.
1110 2363 1174 2434 Vgl.
1213 2363 1340 2418 Senecas

198 2441 223 2488 4.
252 2434 411 2504 tyrannidis
427 2434 719 2504 ,welcheseinegute
775 2433 882 2488 Schrift
906 2435 939 2489 de
959 2436 1145 2505 providentia,
1172 2436 1227 2490 sior
1252 2452 1343 2504 quare

161 2506 239 2560 Hdsc
276 2504 393 2572 ‚hiatet
462 2504 585 2560 tBaiter
598 2505 643 2559 fur
657 2505 720 2560 eine
773 2505 869 2574 alium
887 2507 1058 2561 incommoda
1076 2507 1155 2561 bouis
1177 2507 1246 2562 ciris
1262 2509 1342 2561 acei-

162 2577 262 2633 Glosse
284 2593 318 2630 zu
344 2575 408 2631 dem
427 2575 581 2647 folgenden
599 2583 719 2648 potesta·
773 2577 852 2644 dard,
871 2593 933 2632 eum
947 2578 1123 2646 procidentia
1145 2579 1191 2634 sit.
1210 2577 1266 2631 Das
1276 2577 1339 2632 Un-

162 2657 228 2716 tcm,
261 2647 307 2702 die
334 2647 455 2718 dhrigen
482 2647 602 2703 Hdschr.
625 2648 720 2703 haben
773 2647 875 2717 glfiok,
899 2647 951 2702 das
984 2647 1039 2702 den
1064 2647 1157 2703 Guten
1187 2647 1269 2714 uim,
1301 2649 1344 2704 ist

162 2720 213 2774 das
231 2719 479 2774 unverstandliche
498 2720 648 2791 typurrr'ds's.
774 2719 848 2773 nach
871 2718 948 2775 ihrer
965 2718 1085 2773 Ansicht
1109 2737 1162 2773 nur
1187 2719 1343 2775 scheinbar

198 2798 223 2846 8.
242 2791 526 2847 mnutudoitiorum
542 2792 722 2846 mercantias
775 2791 808 2859 (s.
824 2789 858 2857 11,
871 2795 920 2845 167
939 2809 962 2845 a.
982 2806 1131 2861 prosperae
1157 2807 1247 2846 omncs
1272 2793 1342 2862 ree),

157 2863 276 2932 pmrdua
318 2861 427 2933 Wegen
459 2862 510 2917 der
536 2861 722 2932 Verbindung
775 2860 909 2916 wahreud
941 2861 992 2916 das
1024 2860 1129 2930 Gldck,
1162 2862 1212 2916 das
1245 2861 1343 2916 durch

161 2934 304 2988 mehrerer
347 2932 497 3000 Genetiva,
541 2949 597 2988 von
630 2933 722 2988 denen
775 2931 944 2987 moralischc
968 2931 1195 3002 Schlechtigkeit
1223 2949 1343 3002 gewon-

162 3003 351 3059 dereineron
365 3005 430 3059 dem
439 3005 563 3059 anderen
577 3005 723 3074 abhangig
775 3019 831 3058 nen
856 3001 939 3072 wird,
964 3002 1032 3057 hein
1056 3002 1218 3058 withlichea
1242 3003 1343 3060 cluok

1 3115 114 3131 --w
161 3075 212 3141 ist,
238 3074 296 3144 rgl.
317 3075 354 3129 ad
375 3075 433 3131 Art.
457 3076 587 3143 1v‚1‚2=
611 3078 721 3144 fructus
774 3091 808 3128 zu
825 3091 937 3130 nennen
955 3073 1001 3129 ist.

161 3154 225 3203 roae
250 3147 397 3202 maturis
417 3149 562 3217 praeludi
585 3149 719 3218 temporis.
813 3151 856 3201 18.
874 3147 968 3201 omniu
985 3147 1111 3214 minima,
1132 3163 1153 3201 s.
1167 3165 1189 3200 z.
1204 3147 1281 3214 Lot.

161 3219 199 3272 ad
213 3217 280 3274 fam.
294 3217 327 3284 X,
336 3224 379 3284 36,
389 3235 412 3272 1:
427 3225 521 3274 tantae
534 3220 722 3275 multitudinis
810 3219 851 3273 sic
864 3219 936 3272 caim
950 3218 1058 3272 dicitu.-
1076 3217 1110 3286 ΙΙ,
1127 3222 1184 3273 167.
1204 3217 1259 3271 Der
1274 3217 1343 3272 hier
1408 3279 1414 3287 ¹

161 3290 263 3345 avium
281 3289 381 3343 salutis
399 3305 511 3344 causam
528 3291 672 3359 accipere.
776 3288 944 3359 angefdhrte
970 3287 1123 3358 Vergleich
1155 3289 1243 3343 findet
1276 3288 1342 3344 sich

197 3360 256 3414 siue
282 3359 342 3413 ulla
369 3359 466 3414 diviua
497 3361 604 3415 ratione
635 3357 722 3415 ‘ohne
777 3360 842 3416 dort
859 3359 947 3414 nicht.

160 3431 218 3485 alle
237 3429 375 3500 gdttliahe
395 3431 574 3500 Anorduung,
593 3431 721 3486 Einrich-
814 3431 916 3502 Quasi,
936 3449 957 3486 s.
972 3449 995 3487 a.
1012 3430 1032 3497 1,
1042 3436 1085 3486 26.

160 3497 249 3571 tung'.
286 3500 396 3556 Darauf
410 3502 525 3557 wr'lrden
544 3501 590 3557 die
610 3502 723 3558 Stoiher
807 3505 895 3572 poulo
914 3508 992 3557 aute.-
1011 3508 1026 3567 ς
1042 3506 1085 3557 80.

159 3573 313 3640 -οτννίᾰοηι,
343 3573 399 3627 dall
427 3573 479 3627 wir
506 3574 609 3644 garade
637 3591 722 3630 unsar
814 3580 854 3630 19.
874 3575 906 3629 dc
929 3575 1019 3641 fundo
1037 3573 1195 3628 Formiano.
1231 3571 1263 3624 In
1289 3572 1342 3628 der

159 3644 305 3700 Gewissen
325 3645 376 3699 der
398 3647 495 3702 diviua
512 3648 586 3701 ratio
608 3663 641 3700 zu
660 3663 720 3701 rer·
775 3644 893 3715 (legend
915 3661 972 3699 von
990 3642 1132 3711 Formiae,
1157 3643 1235 3698 einer
1253 3642 1342 3699 Stadt

159 3716 274 3771 dankan
292 3715 394 3773 haben.
777 3733 813 3770 an
832 3717 897 3771 dem
911 3715 1076 3770 Meerbusen
1090 3731 1147 3770 von
1162 3713 1271 3784 Oajeta,
1289 3715 1342 3769 ba·

199 3794 240 3842 10.
267 3788 435 3858 dissipante,
462 3805 483 3843 s.
512 3788 538 3857 I,
562 3795 597 3843 20
624 3807 646 3842 a.
666 3791 721 3844 dr's-
776 3787 881 3842 fandcn
913 3786 975 3841 sich
1002 3785 1160 3840 aahlreiche
1188 3785 1341 3840 Landsitze

159 3860 348 3929 ripuariorum,
775 3858 1119 3914 rdmischerVornahmer.
1147 3855 1340 3912 AuchOiearo

200 3937 241 3983 12.
251 3930 299 3999 [iu
312 3930 456 4001 homineq,
471 3930 630 3984 derZusatz
645 3929 722 3985 eines
775 3931 856 3985 hatte
879 3929 1064 3985 bekanntlich
1083 3929 1148 3983 dort
1166 3927 1230 3984 eine
1248 3927 1339 3983 Villa.

161 3999 721 4069 Interpolators,welchermurrdilalsch-
811 4003 844 4057 dc
875 4003 978 4058 amuco
1010 4004 1107 4068 sazau,
1140 4000 1215 4054 dena
1247 3999 1340 4053 durch

161 4072 221 4126 lich
240 4071 285 4123 fr'ir
305 4069 360 4124 den
377 4069 476 4126 Genet.
497 4071 615 4127 subiect.
640 4072 721 4130 hielt.
776 4073 826 4127 das
837 4072 899 4126 Eril
913 4072 1009 4127 warde
1024 4088 1054 4126 er
1068 4071 1157 4141 capite
1170 4072 1339 4126 deminutus.

200 4149 242 4198 13.
253 4142 399 4196 discrimen
412 4145 720 4200 mellum-malorum.
775 4143 839 4212 Vgl.
863 4163 891 4214 p.
912 4143 984 4198 Sest.
1011 4149 1074 4198 107:
1108 4142 1157 4198 Orr.
1191 4143 1341 4210 Pompeius

162 4213 215 4269 Die
234 4213 332 4283 Frage,
349 4213 403 4268 wie
422 4230 451 4268 es
470 4215 542 4268 trotr
571 4214 620 4269 der
645 4217 720 4285 gdtt
774 4222 871 4270 auctor
888 4231 962 4269 meae
979 4215 1079 4269 solutis
1096 4212 1150 4268 mit
1168 4231 1195 4283 p.
1210 4212 1270 4267 Mil.
1285 4219 1339 4268 39:

163 4284 400 4354 lichenFr'irsorge
411 4285 475 4340 dem
485 4284 577 4339 Guten
585 4286 720 4355 schlecht,
775 4285 824 4341 On.
850 4287 996 4356 Pompeius
1019 4291 1116 4341 aanor
1146 4291 1172 4340 et
1202 4286 1261 4340 duc
1282 4285 1343 4340 mer'

164 4355 228 4408 dem
238 4354 405 4410 Schlechten
415 4358 468 4425 gut
481 4357 603 4426 ergehen
616 4357 719 4426 kenne,
773 4359 886 4412 reditur.

162 4425 256 4480 haben
274 4424 321 4480 die
338 4426 454 4482 ¹Stoiher
478 4427 559 4481 nicht
582 4429 720 4482 unbaant-
810 4434 853 4483 20.
872 4430 913 4484 sic
924 4430 1023 4484 habant
1036 4423 1114 4482 ‘sind
1129 4426 1179 4481 der
1193 4421 1337 4482 Ansicht'.
