2838 4882
195 226 258 290 148
579 217 629 273 DE
648 217 802 273 NATURA
820 217 984 274 DEORUM.

193 389 285 450 mota
306 384 379 449 loco
402 383 483 468 sint,
506 382 707 469 conflagrare
731 386 835 448 terras
858 405 990 449 necesse
1014 383 1059 449 sit
1082 407 1101 448 a
1124 384 1228 449 tantis
1247 384 1358 450 ardori·

193 475 255 540 bus
278 473 500 538 moderatione
524 471 816 555 attemperatione
839 472 978 537 sublata.

132 531 174 597 37
284 561 346 627 Hic
370 583 431 648 ego
453 582 522 625 non
544 560 643 626 mirer
666 582 738 625 esse
762 582 971 647 quemquam,
1000 561 1056 646 qui
1084 561 1148 627 sibi
1175 562 1360 647 persuadeat

143 623 177 672 ⁹3
196 674 333 736 corpora
356 650 515 736 quaedam
538 643 642 714 solida
665 654 763 734 atque
785 649 952 714 individua
974 649 1007 715 vi
1035 654 1069 714 et
1092 651 1255 737 gravitate
1282 650 1360 736 ferri,
1403 651 1404 656 ’

196 740 417 824 mundumque
440 737 526 804 effici
553 737 799 803 ornatissimum
831 748 865 804 et
895 739 1151 823 pulcherrimum
1184 763 1224 804 ex
1257 760 1384 804 eorumc

197 850 370 914 corporum
393 827 604 893 concursione
627 826 787 892 fortuita?
818 826 891 892 Hoc
924 828 980 913 qui
1013 829 1180 893 existimat
1212 828 1285 893 fieri
1314 851 1362 912 po

197 916 313 1002 tuisse,
335 939 403 981 non
425 916 596 1002 intellego,
619 938 676 980 cur
698 937 766 980 non
797 915 883 980 idem
914 920 1023 1002 putet,
1055 918 1083 982 si
1114 917 1361 981 innumerabiles
1403 933 1404 936 ’

197 1007 293 1072 unius
317 1009 351 1071 et
372 1005 492 1092 viginti
514 1004 639 1069 formae
661 1004 846 1069 litterarum
873 1006 926 1071 vel
953 1028 1068 1070 aureae
1095 1007 1147 1071 vel
1175 1007 1364 1090 qualeslibet

198 1096 308 1180 aliquo
332 1094 525 1179 coiciantur,
556 1115 654 1178 posse
687 1115 725 1157 ex
757 1093 798 1158 iis
830 1093 866 1158 in
897 1098 1020 1159 terram
1055 1095 1200 1160 excussis
1237 1095 1363 1159 annales

198 1184 310 1270 Ennii,
333 1187 370 1248 ut
393 1183 544 1267 deinceps
567 1182 634 1268 legi
657 1181 798 1268 possint,
822 1182 920 1268 effici3
945 1184 1031 1268 quod
1052 1184 1164 1249 nescio
1192 1206 1236 1247 an
1265 1205 1306 1248 ne
1334 1183 1396 1247 inn

144 1289 179 1337 94
198 1297 262 1339 uno
287 1273 417 1360 quidem
439 1295 536 1338 versu
565 1271 673 1355 possit
696 1275 826 1336 tantum
848 1272 955 1337 valere
982 1271 1124 1336 fortuna.
1169 1271 1233 1337 Isti
1262 1277 1363 1336 autern

199 1361 514 1448 quemadmodum
537 1360 729 1426 adseverant
758 1382 797 1425 ex
824 1361 1024 1445 corpusculis
1056 1383 1124 1426 non
1156 1361 1274 1446 colore,
1306 1383 1365 1425 non

198 1452 359 1538 qualitate
372 1451 495 1535 aliqua,
509 1472 607 1534 quam
622 1447 780 1531 ποιότητα
796 1448 912 1514 Graeci
925 1454 1058 1534 vocant,
1079 1472 1147 1515 non
1166 1472 1265 1515 sensu
1283 1472 1365 1535 prae

198 1541 294 1624 ditis,
317 1538 374 1604 sed
397 1538 664 1603 concurrentibus
683 1542 805 1603 temere
824 1542 923 1624 atque
941 1560 1019 1604 casu
1036 1539 1193 1603 mundum
1213 1561 1287 1603 esse
1303 1561 1366 1623 per·

197 1628 335 1712 fectum,
362 1627 414 1692 vel
442 1627 695 1692 innumerabiles
727 1627 838 1710 potius
870 1627 906 1692 in
938 1628 1027 1692 omni
1057 1631 1180 1712 puncto
1213 1627 1398 1712 temporina

198 1717 282 1782 alios
305 1715 409 1801 nasci,
442 1716 523 1780 alios
552 1715 709 1780 interire?
757 1713 880 1791 Quodsi
912 1717 1068 1781 mundum
1100 1716 1230 1781 efficere
1262 1721 1365 1801 potest

200 1827 377 1872 concursus
392 1809 591 1889 atomorum,
615 1827 672 1869 cur
690 1805 867 1891 porticum,
887 1827 945 1869 cur
962 1805 1135 1890 templum,
1154 1827 1212 1870 cur
1231 1805 1365 1888 domum,

200 1918 257 1961 cur
279 1896 394 1960 urbem
416 1917 484 1960 non
504 1893 638 1978 potest?
671 1916 753 1978 quae
786 1898 863 1959 sunt
894 1894 1001 1959 minus
1035 1916 1173 1979 operosa
1204 1899 1238 1958 et
1269 1895 1365 1958 multo

200 1984 331 2070 quidem
354 1983 511 2048 faciliora.
558 1979 654 2047 Certe
677 1983 726 2047 ita
756 1987 878 2047 temere
911 1983 949 2047 de
982 1983 1103 2048 mundo
1136 1983 1306 2068 effutiunt,
1335 1985 1366 2046 ut

200 2073 282 2138 mihi
305 2072 435 2160 quidem
458 2094 636 2156 numquam
659 2071 747 2136 hunc
769 2070 994 2136 admirabilem
1018 2072 1099 2137 caeli
1127 2076 1295 2158 ornatum,
1318 2070 1396 2156 quin

201 2268 281 2335 Auge
301 2263 407 2334 gefallt,
431 2265 564 2318 wbhrend
583 2265 629 2318 die
649 2265 758 2334 andere,
849 2270 873 2320 9.
892 2267 1007 2320 annales
1025 2265 1129 2332 mnis,
1148 2283 1169 2319 s.
1185 2285 1208 2320 z.
1223 2266 1244 2334 1,
1255 2271 1300 2321 97.

200 2337 246 2390 die
274 2335 470 2404 Vernichtung
494 2335 642 2390 dersslben
670 2336 759 2389 durch
850 2337 974 2404 10.qaod
988 2367 1022 2376 -
1036 2338 1366 2406 tantamcalercfortana

201 2407 298 2473 Kolta,
318 2405 584 2475 unbertchsichtigt
600 2406 700 2462 bleibt.
814 2425 834 2462 s.
846 2407 881 2474 11,
891 2413 927 2461 24
937 2426 960 2461 z.
977 2407 1055 2477 Quod
1067 2439 1100 2448 —
1117 2414 1224 2476 quanta
1240 2410 1284 2463 ors
1299 2408 1366 2462 insit.

239 2485 262 2533 1.
281 2483 355 2532 mota
373 2493 410 2531 sc.
425 2479 530 2545 sidera,
556 2493 606 2530 aus
625 2479 701 2548 ipncs
726 2495 760 2532 zu
851 2485 893 2532 12.
911 2495 989 2566 pacm
1012 2479 1049 2532 ad
1070 2480 1180 2533 nudam
1204 2480 1366 2564 adseveraaq

200 2549 379 2602 entnehmen.
813 2549 877 2604 wir:
919 2550 971 2604 wie
990 2549 1104 2604 konnen
1123 2550 1164 2604 sie
1178 2549 1356 2618 behauptcn?

238 2623 407 2690 conflaprare
421 2637 490 2675 -a.
510 2619 563 2675 Die
582 2619 760 2690 Pr'apoeition
814 2620 947 2674 wahrend
967 2620 1017 2674 der
1034 2619 1165 2674 Lateiner
1185 2621 1236 2688 da,
1263 2638 1307 2674 wo
1325 2620 1368 2673 der

200 2691 366 2746 bezeichnet
387 2690 435 2746 bei
453 2690 635 2762 dergleichen
652 2690 758 2745 intran-
813 2690 922 2760 Bcgriff
938 2691 988 2745 der
1005 2690 1194 2760 Mbglichkeit
1207 2692 1268 2746 und
1281 2691 1368 2744 With·

201 2762 306 2817 sitiven
324 2763 438 2818 Verben
462 2763 513 2816 das
536 2763 687 2832 husgehen
712 2763 762 2816 der
815 2761 937 2816 liohkeit
963 2762 1203 2830 zusammenftllt,
1233 2762 1286 2817 das
1317 2761 1368 2817 ein-

201 2835 342 2905 Wirlrung
359 2851 415 2888 ron
429 2835 479 2888 der
493 2833 626 2900 Ursache,
645 2832 761 2887 bhnlich
814 2832 897 2887 fache
915 2832 1041 2888 Verbum
1059 2834 1226 2902 gebraucht.
1259 2835 1308 2901 ΙΙΙ,
1325 2839 1367 2888 36:

201 2905 255 2958 wie
273 2905 349 2960 beim
367 2904 514 2959 Paasivum
541 2906 591 2958 das
610 2905 761 2974 Ausgehen
817 2904 876 2974 Quo
894 2905 972 2960 modo
989 2906 1107 2960 cambia

202 2976 253 3029 der
269 2975 504 3042 Thatigkeitvon
518 2977 568 3030 der
581 2975 762 3030 handelnden
850 2993 908 3030 aon
938 2977 1070 3046 qualitate
1094 2977 1197 3045 aliqua.
1247 2975 1369 3045 Qualitas

202 3047 315 3101 Person.
351 3046 729 3115 Vg1.11‚1as=eazescerea.
814 3045 854 3100 ist
875 3046 938 3101 eine
952 3046 1143 3116 Neubildung,
1168 3047 1290 3101 deshalb
1312 3046 1369 3114 ffigt

239 3123 264 3171 3.
283 3117 342 3171 Hic
363 3116 393 3170 in
412 3118 462 3171 der
479 3117 646 3188 unwilligen
670 3117 761 3188 Frage
815 3117 912 3172 Cicero
923 3118 973 3171 das
983 3117 1254 3188 griechischswort
1261 3116 1368 3184 ποιότης

198 3185 270 3241 ‘und
284 3188 321 3240 da
334 3185 425 3256 noch’,
445 3188 487 3242 oft
500 3189 553 3243 mit
561 3189 761 3259 Hinzufr'igung
813 3188 911 3256 hinnu,
944 3188 998 3242 mit
1023 3188 1159 3244 walchem
1187 3187 1234 3243 die
1264 3189 1368 3243 Stoiker

203 3275 260 3313 von
286 3259 381 3326 etiam,
413 3258 535 3313 welches
568 3259 683 3314 letztere
715 3277 759 3313 zu·
815 3259 977 3329 diejenigen
998 3259 1221 3329 Eigenschaften
1247 3259 1368 3314 bezeich-

204 3329 306 3384 weilcn
324 3330 397 3383 auch
415 3328 501 3383 allein
515 3329 545 3382 in
556 3330 662 3384 diesem
675 3331 760 3384 Sinna
814 3349 878 3399 nen,
892 3330 1000 3384 welche
1015 3331 1061 3385 ein
1075 3330 1273 3386 wesentliohes
1283 3330 1368 3384 Merk-

205 3401 289 3454 steht.
336 3400 414 3455 Verr.
443 3400 493 3467 IV,
518 3407 569 3454 24:
600 3403 762 3458 Laudatam
814 3402 872 3456 mal
891 3401 969 3457 eines
988 3401 1093 3471 Dinges
1112 3401 1143 3455 in
1165 3401 1259 3456 seiner
1282 3405 1368 3456 unter-

203 3473 285 3526 etiam
303 3488 350 3528 coc
367 3489 527 3542 qaenaqaam
545 3471 664 3528 canitis?
816 3473 1007 3528 scheidenden
1021 3472 1297 3542 Eigentumlichkeit
1315 3473 1369 3525 dar·
1403 3473 1404 3482 ’

240 3548 264 3600 8.
289 3546 375 3599 anias
402 3551 428 3599 ct
449 3545 556 3614 violati.
597 3543 655 3598 Das
681 3542 762 3597 latei·
816 3544 918 3598 stellen
959 3544 1061 3615 (Zeller
1098 3543 1149 3600 Ph.
1178 3545 1204 3598 d.
1239 3544 1286 3600 Gr.
1315 3541 1368 3609 llll,

202 3614 453 3686 nischeAlphabet
465 3615 546 3669 hatte
560 3632 613 3668 nur
627 3621 660 3669 21
671 3615 762 3669 Buch-
816 3634 843 3685 p.
859 3622 901 3684 96,
914 3617 944 3685 1).
972 3615 1025 3670 Die
1037 3614 1270 3685 AtomeEpilrurs
1283 3615 1369 3670 haben

204 3687 312 3755 sterben,
332 3687 369 3740 da
382 3687 408 3740 Y
421 3686 480 3740 und
494 3686 513 3738 Z
529 3685 571 3740 als
586 3684 762 3755 griechische
816 3704 868 3740 nur
896 3686 942 3740 die
974 3685 1189 3756 allgemeinsten
1221 3685 1369 3740 Merkmale

204 3757 320 3813 Lettern
329 3758 434 3827 galteri.
444 3757 550 3811 Unsere
557 3756 645 3811 Stella
653 3759 763 3812 enthalt
817 3759 867 3812 des
886 3757 1097 3827 Korperlichen
1116 3756 1242 3812 n'o'mlich
1256 3756 1368 3822 (lestolt,

205 3828 762 3897 dieersteldeezurErfindungdchuch-
813 3827 919 3894 droca,
939 3827 1078 3897 Schwere,
1097 3827 1179 3882 nicht
1196 3830 1265 3883 aber
1282 3831 1369 3882 unter-

205 3898 419 3953 druckerkunst.
440 3897 485 3953 Sie
500 3899 586 3968 zeigt‚
602 3898 658 3952 dau
675 3900 763 3955 schon
817 3898 995 3968 scheidende,
1015 3899 1067 3953 wie
1082 3899 1180 3966 Frobe,
1195 3899 1308 3954 Geruch
1321 3900 1369 3952 etc.

205 3969 252 4024 die
271 3971 376 4024 Romen
388 3969 564 4040 bewegliche
582 3969 763 4025 Buchstaben
855 3976 897 4026 15.
916 3971 1137 4040 innumerabiles,
1157 3989 1178 4025 s.
1192 3972 1244 4039 al,
1256 3975 1369 4026 53u.6‘l.

205 4041 344 4106 hunniam
358 4039 503 4094 dieselben
522 4058 617 4096 waren
630 4042 762 4110 gewbhn·
854 4048 896 4098 18.
915 4049 940 4097 ct
959 4073 991 4082 —
1006 4043 1123 4111 quidem,
1142 4059 1196 4096 sa.
1212 4043 1232 4110 I,
1244 4048 1287 4096 82.

205 4110 265 4165 lich
279 4128 328 4165 aas
338 4111 487 4165 Elfenbein
497 4112 565 4166 oder
578 4111 651 4167 (told
665 4114 764 4184 herge·
855 4119 897 4168 20.
917 4114 966 4181 qai
984 4113 1058 4168 tonos
1076 4119 1114 4168 est
1128 4115 1284 4183 promimur,
1302 4109 1369 4166 nach

206 4182 286 4238 stellt
324 4183 381 4236 und
418 4181 534 4238 dienten
576 4183 764 4239 Unterrichts-
819 4184 869 4238 der
887 4183 1105 4253 Dispositionin
1120 4190 1134 4249 ξ
1150 4190 1192 4239 75.
1211 4172 1285 4238 liber
1299 4183 1368 4236 diese

206 4254 344 4310 zwecken.
357 4254 410 4308 Zur
417 4254 764 4326 Wortstellungvgl.Phil.
819 4273 840 4310 s.
860 4255 919 4310 das.
931 4275 952 4309 a.
965 4256 1072 4310 Tertiae
1081 4257 1162 4310 toan.
1182 4253 1369 4309 InWirklich·

206 4327 240 4394 ΙΙ,
256 4333 303 4380 66:
326 4343 507 4398 permapnam
534 4329 631 4396 optimi
653 4329 765 4396 pondua
817 4326 879 4380 keit
892 4326 1049 4381 behandelt
1061 4326 1164 4380 Balbus
1175 4325 1273 4382 diesen
1282 4323 1370 4379 Punlrt

204 4399 320 4468 arpenti.
819 4399 906 4451 schon
925 4414 981 4452 von
999 4404 1014 4464 ς
1029 4404 1061 4452 91
1082 4415 1126 4452 an.
