2830 4882
91 335 94 340 .
183 266 225 332 68
569 258 618 314 DE
636 257 789 315 NATURA
807 258 970 317 DEORUM.

183 429 259 492 ente
295 424 334 489 de
370 423 583 489 inclinatione
615 428 802 490 atomorum
833 424 913 508 dixi,
950 429 1062 490 temen
1092 425 1249 511 pleraque
1282 427 1356 492 dicit

183 513 304 599 eedem,
327 517 465 598 atomos,
484 513 589 598 inene,
607 513 777 600 imagines,
795 513 993 579 infinitatem
1012 515 1160 580 locorum
1178 515 1357 580 innumeru-

182 602 410 689 bilitetemque
438 601 647 688 mundorum,
676 624 789 668 eorum
817 607 923 688 ortus,
950 603 1117 688 interitus,
1146 605 1258 669 omnic
1285 603 1357 688 fere,

183 693 301 778 quibus
331 696 469 758 naturae
497 691 583 756 ratio
614 691 809 757 continetur.
859 690 956 758 Nunc
982 693 1069 757 istuc
1092 687 1199 778 ‘quasi
1229 691 1354 778 corpus'

123 792 157 843 11
183 786 216 846 et
235 779 342 866 ‘qussi
365 775 569 867 sanguinem’
596 780 675 866 quid
696 780 886 867 intellegis?
926 781 1000 867 Ego
1024 781 1111 846 enim
1134 785 1167 846 te
1191 783 1277 847 scire
1297 783 1379 847 istas
1413 793 1414 822 l

182 869 299 934 melius
330 891 428 955 quem
456 890 507 933 me
534 892 602 935 non
628 869 735 935 fateor
763 870 883 955 solum,
914 870 970 935 sed
995 869 1356 956 etiemfeeilepeti013

183 981 258 1024 cum
286 958 417 1044 quidem
440 959 541 1023 semel
563 958 652 1024 dicte
675 963 765 1043 sunt,
793 958 871 1044 quid
894 964 958 1044 est,
987 959 1073 1044 quod
1096 958 1243 1025 Velleius
1266 961 1357 1025 intel·

183 1048 292 1134 legere
328 1047 448 1133 possit,
485 1045 584 1113 Cotta
619 1069 688 1113 non
718 1047 847 1133 possit?
897 1047 1013 1134 Itaque
1045 1070 1163 1133 corpus
1196 1049 1276 1135 quid
1309 1051 1357 1134 sit,

184 1136 318 1222 sanguis
351 1136 430 1222 quid
462 1137 519 1221 sit,
551 1136 724 1223 intellego,
756 1137 850 1222 qussi
882 1159 1001 1222 eorpus
1033 1142 1067 1202 et
1099 1138 1193 1222 quasi
1225 1140 1357 1226 sanguis

183 1225 261 1311 quid
289 1226 347 1310 sit,
373 1225 465 1291 nullo
492 1247 626 1310 prorsus
655 1226 751 1291 modo
779 1226 945 1313 intellego.
990 1225 1105 1311 Neque
1129 1231 1166 1291 tu
1189 1249 1242 1290 me
1265 1227 1358 1312 celes,
1373 1246 1390 1285 10

183 1318 221 1378 ut
243 1313 451 1401 Pythagoras
475 1315 603 1380 solebat
621 1315 758 1399 alienos,
780 1336 841 1380 nec
859 1315 1010 1380 consulto
1030 1315 1110 1381 dicis
1130 1315 1258 1380 occulte
1277 1321 1356 1381 tum·

184 1426 283 1489 quem
309 1403 510 1488 Heraclitus,
540 1404 597 1468 sed
626 1401 729 1490 (quod
757 1404 844 1468 inter
871 1426 932 1469 nos
960 1401 1073 1490 liceat)
1099 1426 1141 1470 ne
1168 1408 1206 1469 tu
1230 1404 1358 1490 quidem

183 1492 358 1578 intellegis.
408 1491 494 1557 illud
525 1492 619 1558 video
648 1514 795 1579 pugnare
826 1497 874 1578 te,
905 1493 1029 1577 species
1059 1498 1097 1558 ut
1127 1493 1289 1578 quaeder'n
1319 1494 1357 1558 sit

183 1581 331 1667 deorum,
354 1604 437 1667 quee
454 1581 539 1646 nihil
557 1582 702 1647 concreti
719 1581 853 1667 hebeet,
872 1581 956 1646 nihil
976 1581 1085 1666 solidi,
1102 1581 1188 1646 nihil
1205 1584 1357 1668 expressi,

182 1669 266 1736 nihil
289 1669 477 1755 eminentis,
501 1670 608 1755 sitque
631 1694 726 1757 pure,
748 1671 843 1756 levis,
866 1669 1041 1756 perlucide.
1079 1670 1233 1736 Dicemus
1256 1672 1389 1758 igiturn

183 1759 283 1844 idem,
311 1759 399 1845 quod
424 1759 460 1824 in
483 1758 610 1825 Venere
634 1757 715 1825 Oce:
745 1782 863 1844 corpus
886 1759 969 1824 illud
990 1781 1058 1824 non
1081 1764 1145 1844 est,
1173 1760 1230 1825 sed
1254 1761 1358 1826 simile

120 1457 162 1523 21

130 1547 164 1598 re

219 1958 244 2008 2.
264 1953 396 2020 locorum,
415 1969 436 2007 s.
451 1971 473 2009 z.
488 1959 503 2019 ξ
518 1959 560 2008 eb.
798 1951 841 2006 tir
859 1950 929 2005 wird
954 1950 1171 2022 gerechtfertigt
1197 1952 1289 2006 durch
1315 1952 1356 2006 die

218 2029 245 2076 1.
263 2030 382 2079 uacuae
399 2025 486 2092 rotie,
506 2041 526 2079 s.
542 2029 557 2089 ς
571 2029 613 2078 20.
799 2022 1049 2092 voreufgehenden
1067 2021 1205 2077 Genetive
1224 2023 1276 2078 der
1304 2024 1356 2078 Ad·

218 2094 305 2150 Nuuo
339 2093 441 2148 nimmt
478 2094 533 2149 den
569 2095 658 2149 durch
696 2092 743 2149 die
795 2093 904 2163 jective
924 2093 998 2148 nech
1019 2093 1069 2148 der
1087 2093 1205 2149 zweiten
1224 2093 1356 2148 Dekline·

182 2164 348 2235 Digression
361 2165 432 2220 iiber
446 2165 492 2219 die
507 2164 612 2220 Lehrer
621 2164 744 2236 Epilrurs
797 2164 866 2220 tion.
874 2164 934 2219 Liv.
940 2165 974 2232 V,
985 2172 1010 2230 3,
1019 2170 1043 2219 8:
1054 2166 1239 2234 equaquam
1246 2166 1279 2220 in
1286 2167 1357 2222 ooth

183 2236 429 2292 unterbrochenen
448 2235 544 2290 Feden
563 2235 668 2292 wieder
688 2236 743 2292 eus.
797 2253 855 2292 seon
872 2238 934 2292 dico
952 2237 1055 2304 omlis,
1083 2237 1130 2291 sed
1151 2237 1269 2292 humani
1288 2244 1355 2292 cred.

220 2315 244 2362 ἵ.
271 2324 333 2362 curn
348 2307 514 2362 semeldieta
531 2313 610 2375 noct,
626 2306 652 2362 d.
666 2307 745 2362 hist
833 2308 934 2378 eique,
962 2324 1013 2376 que
1043 2303 1195 2377 ‘sondem’‚
1226 2306 1258 2362 in
1284 2308 1357 2363 den·

184 2375 742 2448 einmeleinGedenkeinWortegefellt.
798 2378 895 2433 selben
914 2377 999 2433 Sinne
1018 2378 1095 2432 steht
1112 2378 1186 2433 euch
1208 2383 1305 2449 atquc,
1327 2396 1357 2434 ac

221 2454 264 2502 11.
278 2448 389 2502 cliereoe.
405 2447 459 2502 Die
468 2447 659 2518 Pythagoreer
672 2447 743 2503 hiel·
793 2451 890 2520 potius
898 2449 956 2503 und
965 2449 1072 2506 ctnech
1084 2449 1240 2518 negativen
1250 2449 1356 2505 senen.

183 2521 233 2574 ten
248 2521 345 2587 strong
362 2518 471 2587 darauf,
494 2517 551 2572 dell
570 2519 616 2574 die
634 2519 744 2574 Lehren
798 2519 1103 2590 alienorumque,
1122 2520 1170 2589 ΙΙΙ,
1181 2526 1229 2576 84:
1244 2528 1331 2592 atquc.

183 2590 242 2644 und
256 2589 420 2645 eebrsuchc
439 2589 514 2644 ihres
528 2589 679 2660 geheimen
693 2589 743 2645 Or·
835 2597 877 2648 16.
888 2593 920 2646 in
933 2591 1032 2648 Venere
1042 2591 1107 2648 (loa.
1126 2591 1182 2646 Dee
1193 2592 1357 2663 gepriesene

132 2685 135 2690 ·
184 2661 253 2717 dens
280 2660 361 2716 nicht
384 2661 604 2733 euegeplaudcrt
619 2661 743 2718 werden.
797 2661 991 2718 Meisterwerk
999 2662 1049 2717 des
1058 2663 1187 2732 Apelles,
1201 2663 1278 2718 eines
1287 2663 1357 2718 Zeit

220 2740 261 2789 12.
276 2733 437 2790 Heraclitus
452 2751 501 2788 eus
512 2733 649 2804 Ephesus,
665 2733 742 2790 scine
797 2750 938 2803 genossen
957 2733 1130 2788 Alexenders
1159 2735 1208 2789 des
1224 2733 1357 2792 *Grollen

183 2803 744 2875 Blutszeitfelltumsoov.ohr.Wegen
798 2803 958 2875 Aphrodite
977 2805 1073 2859 wurde
1092 2821 1147 2859 von
1171 2805 1233 2859 ihm
1259 2806 1358 2876 denge-

184 2877 234 2932 der
252 2875 427 2931 Dunhelheit
445 2876 536 2931 seiner
549 2877 628 2931 Rode
647 2876 744 2931 wurde
799 2876 879 2930 stellt
892 2876 934 2930 als
954 2871 1147 2946 ἆναὸυομένη,
1167 2876 1194 2932 d.
1204 2876 1223 2932 i.
1239 2893 1291 2932 eus
1307 2877 1359 2932 den

184 2964 215 3071 ἓξ
229 2943 404 3071 ΙΙΙΙΙΙΙΙΞΙ
416 2947 672 3073 {glinden
682 2945 745 3074 {¹51⁰
798 2946 1015 3088 illeille
1022 2964 1104 3072 ⁰111
1106 2947 1232 3074 “hiis
1234 2948 1359 3074 ἀπῇ

183 3088 293 3158 bergen
311 3087 398 3156 hebe,
418 3087 472 3142 wie
492 3088 590 3144 Cicero
616 3089 690 3143 euch
708 3088 744 3144 de
799 3089 867 3143 eber
886 3090 981 3159 sptter
1006 3091 1089 3144 unter
1115 3062 1260 3160 Augustis
1287 3091 1360 3145 nach

183 3159 230 3214 fin.
255 3159 289 3227 ll,
309 3164 341 3214 lt
366 3158 425 3212 und
451 3161 539 3214 unten
566 3161 614 3227 ΙΙΙ,
632 3167 666 3216 35
695 3160 743 3214 be·
798 3160 871 3215 Rom
885 3160 1025 3230 gebracht
1042 3161 1100 3219 und
1113 3161 1144 3215 in
1163 3161 1228 3215 dem
1243 3161 1361 3232 Tempel

183 3231 316 3300 henptet,
334 3228 374 3284 ist
390 3229 472 3284 nicht
489 3248 523 3283 zu
543 3230 669 3298 denken3
694 3230 745 3284 der
798 3229 898 3286 desere
929 3231 1102 3300 ansgestellt.
1131 3264 1165 3274 -
1195 3231 1310 3303 Wegen
1332 3235 1362 3288 iu

184 3299 281 3354 Grund
313 3300 359 3353 fiir
391 3301 441 3354 des
474 3299 641 3370 schwien'ge
672 3300 743 3356 Ver·
797 3300 863 3358 ‘von
876 3301 926 3356 der
939 3302 972 3357 K.
983 3299 1024 3357 V?
1045 3299 1206 3395 eigfwenn
1220 3303 1268 3359 dic
1284 3304 1321 3360 K.
1330 3304 1362 3358 V.

185 3369 311 3426 stendnis
331 3369 423 3425 seiner
437 3370 579 3425 Schriften
597 3388 655 3425 wer
673 3371 742 3426 viel·
797 3371 828 3427 in
846 3373 937 3444 Fruge
966 3373 1096 3444 kommt,
1119 3371 1163 3428 ‘in
1184 3375 1293 3430 hetreff
1315 3376 1363 3430 der

183 3442 264 3496 mehr
282 3459 316 3496 zu
335 3442 442 3497 suchen
466 3441 497 3496 iu
522 3443 614 3498 seiher
639 3441 743 3496 bilder·
797 3441 889 3499 11.V.'
907 3444 963 3513 vgl.
979 3444 1061 3499 Tuse.
1080 3445 1102 3512 Ι,
1118 3451 1165 3502 88:
1194 3447 1252 3502 diei
1269 3454 1363 3503 autem

183 3512 297 3568 reichen
315 3513 499 3582 Derstellung
517 3513 574 3569 und
598 3512 629 3568 in
653 3512 745 3570 seiner
797 3517 847 3571 hoc
865 3517 897 3570 iu
915 3523 940 3571 tc
958 3519 1027 3571 sate
1044 3518 1182 3573 subtiliter
1199 3534 1258 3572 oon
1271 3524 1364 3588 potest

183 3585 288 3640 hurzen
306 3585 365 3640 und
378 3587 555 3656 pregnanten
569 3584 743 3639 Ausdrucks-
796 3586 855 3641 und
865 3584 893 3641 Ο.
903 3586 934 3640 F.
945 3586 989 3641 W.
1004 3586 1106 3642 Miller
1119 3604 1153 3641 zu
1168 3587 1203 3643 de
1218 3588 1264 3643 off.
1281 3590 1305 3659 1,
1317 3597 1363 3645 61:

183 3657 277 3713 weise.
303 3687 334 3698 -
362 3657 472 3727 Wegen
490 3662 741 3726 tcmquoms.102
792 3653 877 3714 ‘Sehr
887 3657 1090 3726 cigentdmlich
1100 3658 1139 3714 ist
1149 3659 1199 3714 der
1209 3657 1364 3716 Gebreuch

184 3748 207 3784 z.
222 3730 310 3798 quon.
797 3729 848 3783 der
857 3727 1038 3798 Prtposition
1051 3731 1083 3784 ie
1097 3730 1137 3783 im
1151 3729 1362 3800 Leteinischen,

219 3801 292 3869 quod
315 3801 388 3855 iuter
410 3814 460 3854 nos
484 3798 564 3855 liceat
587 3816 626 3854 sc.
645 3799 742 3868 dicere,
796 3799 893 3854 indem
920 3798 1046 3854 dieselbe
1074 3799 1156 3856 nicht
1183 3818 1240 3856 von
1268 3803 1363 3858 einem

179 3865 275 3923 ‘unter
293 3887 346 3923 uns
365 3865 486 3940 gesegt’.
795 3870 1227 3943 bestimmtenWorteebhtngt,
1238 3875 1364 3928 sondern

222 3946 262 3994 13.
273 3941 352 3996 Illud
366 3971 400 3981 -
410 3957 538 4011 peccora
552 3937 742 3996 ‘dieAnsicht
796 3941 850 3997 frei
874 3941 932 3996 und
961 3942 1138 4012 selbst'endig
1163 3961 1226 3998 uum
1252 3961 1364 4014 ganzen

184 4007 741 4083 verfechten'odereinfech‘behaupten'.
797 4012 880 4068 Setae
897 4014 1023 4083 becogen
1041 4013 1136 4070 wird’.
1173 4014 1239 4086 Vgl.
1261 4017 1299 4086 ΙΙ,
1312 4023 1363 4072 61:

184 4082 250 4150 Vgl.
266 4081 312 4136 die
330 4081 481 4137 ehnlichen
494 4083 743 4154 metaphorischen
796 4086 829 4140 iu
846 4100 878 4138 eo
896 4085 947 4140 ica
961 4087 1085 4154 precatio
1111 4091 1231 4142 extrema
1257 4095 1310 4156 est,
1329 4087 1362 4155 ΙΙ,

183 4153 349 4208 Ausdriioke
376 4156 482 4210 vineoe
510 4150 678 4224 ‘erweisen’,
698 4157 742 4210 de·
798 4162 862 4210 123:
888 4161 920 4211 ut
944 4157 975 4210 iu
1000 4157 1153 4224 araneolis,
1179 4157 1298 4226 Il,124:
1326 4165 1364 4213 est

182 4225 292 4293 ferdere
313 4220 373 4278 'zur
399 4225 606 4296 Verteidigung
631 4222 743 4297 sugen’.
795 4227 944 4282 admiratio
957 4228 990 4282 in
1004 4229 1163 4296 bestiis,IlI‚
1177 4233 1222 4284 18:
1240 4231 1364 4286 indomo

184 4295 294 4366 Wegen
318 4303 351 4352 ct
369 4329 401 4338 -
417 4299 454 4352 cit
471 4325 498 4344 =
517 4304 548 4354 ci
572 4313 626 4353 eece
645 4299 744 4368 probes
792 4299 925 4368 pulchro,
948 4297 1031 4365 1,r1;
1058 4305 1122 4354 120:
1146 4301 1178 4354 in
1191 4306 1301 4356 notura
1321 4302 1363 4356 dc·

184 4384 205 4423 s.
220 4373 315 4434 5212.
330 4375 361 4425 ct
376 4370 475 4436 fcerit.
797 4386 888 4440 orm
915 4369 967 4439 ΙΙΙ,
983 4374 1029 4424 83:
1049 4370 1081 4425 ie
1099 4387 1128 4426 co
1148 4372 1299 4428 mutilatus
1318 4378 1362 4439 eet,

220 4445 262 4495 15.
280 4442 352 4496 ccliii
370 4442 522 4497 eminentie.
545 4438 641 4494 Dieser
655 4437 744 4494 Gene-
797 4441 902 4508 11181:
923 4441 955 4496 ire
972 4441 1072 4496 vincte
1089 4443 1250 4512 sistamur.
