2868 4878
431 269 499 326 ΜΒ.
514 269 534 325 1.
551 269 628 326 οΑΡ.
646 277 690 339 19,
706 276 748 326 ao.
769 275 909 336 §eo-ee.
1214 273 1255 340 57

83 433 244 520 ponimus.
290 433 412 499 Docuit
434 433 521 498 enim
543 456 605 499 nos
628 434 727 519 idem,
751 434 807 519 qui
831 437 951 519 cetera,
974 438 1093 499 natura
1107 435 1258 500 effectum

84 545 155 589 esse
178 523 347 608 mundum,
370 522 453 587 nihil
477 545 558 607 opus
581 521 683 588 faisse
697 522 834 609 fabrica,
858 527 990 607 tamque
1010 545 1080 588 eam
1099 546 1168 588 rem
1187 545 1257 589 esse

83 611 228 697 facilem,
252 634 351 697 quam
373 633 432 678 vos
456 610 541 676 effici
570 613 699 699 negatis
733 611 802 678 sine
833 609 946 677 divina⁴
974 634 1071 697 posse
1104 609 1258 696 sollertid,

83 705 122 766 ut
143 700 396 766 innumerabiles
415 705 534 766 nature
547 701 686 767 mundos
705 702 860 770 effectura
879 701 937 786 sit,
956 700 1088 786 efficiat,
1107 690 1258 766 effecerit.

52 813 65 854 a
86 788 180 866 Quod
203 790 280 876 quia
303 813 400 875 quem
423 790 464 855 ad
487 790 620 874 modum
642 794 762 855 natura
785 789 912 855 efficere
932 790 1001 856 sine
1020 790 1131 875 aliqua
1149 795 1258 855 mente

85 879 192 964 possit
213 902 280 945 non
302 879 435 964 videtis,
458 884 495 944 ut
518 879 637 965 tragici
650 883 780 964 po'e'tae,
799 901 873 944 cum
893 879 1054 964 explicare
1073 878 1259 974 argu-menti

85 969 209 1034 exitum
231 991 300 1034 non
321 968 477 1053 potestis,
501 967 680 1054 confugitis
703 968 744 1033 ad
767 968 879 1053 deum3
903 968 993 1033 ouius
1022 990 1154 1052 operam
1186 990 1259 1052 pro
1278 978 1312 1028 54

84 1057 171 1122 fecto
186 1077 254 1123 non
267 1057 509 1142 desideraretis,
524 1058 553 1122 si
571 1057 765 1122 immensam
780 1062 813 1122 et
826 1057 1074 1123 interminatam
1092 1057 1127 1121 in
1147 1079 1258 1122 omnes

84 1151 195 1230 partes
218 1145 480 1232 magnitudinem
501 1146 673 1232 regionum
697 1146 868 1232 videretis,
890 1146 927 1211 in
949 1169 1047 1231 quam
1071 1169 1105 1212 se
1123 1145 1260 1211 iniciens

36 1257 66 1298 ro
85 1236 212 1300 animus
237 1239 271 1300 et
291 1236 465 1300 intendens
483 1235 531 1300 ita
553 1231 619 1300 late
639 1235 800 1322 longeque
819 1235 1059 1323 peregrinatur,
1082 1239 1120 1300 ut
1137 1258 1182 1300 nn
1208 1257 1262 1300 am

85 1329 196 1390 tamen
219 1347 310 1390 oram
332 1325 441 1389 ultimi
463 1324 585 1408 videat,
617 1325 653 1388 in
680 1347 744 1409 qua
775 1324 883 1408 possit
913 1325 1097 1400 insisteret
1129 1323 1170 1388 In
1199 1323 1262 1388 hac

84 1413 189 1500 igitur
225 1414 445 1479 immensitate
488 1413 715 1498 latitudinum,
756 1413 1014 1501 longitudinum,
1050 1412 1262 1478 altitudinum

85 1502 215 1568 infinita
237 1502 286 1568 vis
309 1502 595 1568 innumerabilium
617 1501 735 1567 volitat
758 1506 956 1588 atomorum,
980 1501 1262 1602 quae-,interiecto

86 1591 432 1687 inanizoohaereseunt
461 1596 572 1656 tamen
603 1591 690 1657 inter
723 1614 757 1656 se
791 1595 824 1656 et
855 1591 938 1656 aliae
971 1591 1052 1657 alias
1085 1590 1263 1677 apprehen-

37 1701 66 1742 15
86 1680 199 1756 dentes
224 1680 470 1772 continuantur,
498 1702 625 1766 exque
654 1679 841 1746 efficiuntur
866 1703 922 1746 eae
950 1703 1059 1752 rerum
1081 1679 1206 1745 formae
1230 1684 1263 1744 et

85 1769 223 1857 figurae,
246 1793 327 1855 quas
350 1792 408 1836 vos
437 1769 522 1835 effici
548 1791 645 1854 posse
669 1769 738 1834 sine
767 1769 902 1834 follibus
933 1773 967 1835 et
995 1769 1166 1834 incudibus
1196 1790 1264 1834 non

44 1865 50 1880 '
85 1859 220 1943 putatis.
265 1858 382 1944 Itaque
404 1859 610 1944 imposuistis
633 1858 669 1922 in
692 1858 871 1924 cervicibus
890 1859 1013 1923 nostris
1029 1858 1264 1943 sempiternum

86 1947 268 2033 dominum,
300 1970 399 2032 quem
423 1947 490 2011 dies
514 1950 548 2010 et
574 1950 688 2012 noctes
720 1946 918 2012 timeremus.
966 1944 1046 2022 Quis
1079 1946 1166 2010 enim
1197 1967 1265 2010 non

87 2036 203 2102 timeat
227 2037 336 2102 omnia
359 2035 584 2120 providentem
608 2037 641 2100 et
665 2035 866 2121 cogitantem
890 2040 923 2100 et
951 2035 1264 2100 animadvertentem

38 2147 67 2188 ro
88 2131 121 2190 et
144 2124 256 2190 omnia
279 2125 320 2189 ad
343 2147 378 2190 se
402 2123 566 2210 pertinere
588 2123 954 2212 putantem,cugi[>sum
982 2127 1016 2188 et
1046 2125 1180 2209 plenum
1210 2145 1264 2188 ne

87 2214 172 2301 getii
195 2213 312 2278 deam?
357 2213 445 2279 Hinc
468 2213 561 2278 vobis
585 2212 714 2278 exstitit
745 2212 888 2297 primum
920 2213 977 2278 illa
1009 2212 1119 2278 fatalis
1151 2234 1263 2277 neees-
1283 2222 1316 2272 oo

88 2303 184 2390 sitae,
208 2325 306 2388 quam
330 2301 531 2387 είμαρμέοην
563 2295 686 2387 dicitis,
718 2306 768 2388 ut,
800 2302 953 2388 quicquid
986 2302 1127 2388 accidat,
1159 2301 1193 2366 id
1225 2323 1264 2366 ex

125 2539 149 2588 1.
171 2538 286 2601 matura,
310 2528 536 2587 dieunbewasste
546 2530 649 2586 Natar-
740 2537 765 2586 8.
794 2531 992 2587 desideraretis.
1039 2529 1188 2585 Godanke:
1216 2530 1265 2584 lhr

88 2602 178 2670 kraft,
207 2603 316 2659 welche
343 2603 417 2658 nach
443 2602 509 2658 dem
531 2601 650 2658 Gesetae
704 2602 814 2656 wtirdet
832 2601 1054 2671 dieThttigkeit
1072 2601 1264 2657 eureseoues

89 2675 140 2730 der
164 2673 399 2744 Notwendigkeit
425 2673 472 2728 die
496 2672 576 2729 Welt
601 2689 649 2743 ge·
704 2673 747 2728 als
776 2673 926 2744 Sohdpfers
954 2673 1012 2727 and
1037 2672 1186 2742 Regierers
1215 2673 1266 2726 der¹

89 2745 213 2801 sehaffen
234 2745 292 2802 hat.
321 2745 399 2800 Stob.
414 2763 443 2816 p.
457 2750 524 2800 442:
543 2742 649 2814 κόσμον
704 2743 784 2798 Welt
805 2742 886 2799 nieht
908 2743 939 2798 in
961 2744 1111 2814 Anepruch
1134 2743 1263 2810 nahmen,

89 2814 175 2886 φύσει
224 2812 316 2888 ἀλόγῳ
364 2812 395 2871 ἐκ
436 2818 493 2872 τῶν
535 2811 648 2886 dedam
704 2831 787 2870 wenn
809 2814 855 2868 ihr
878 2814 924 2870 die
947 2815 1129 2884 angeheuren
1151 2813 1264 2868 Dimen-

90 2889 250 2944 συνεστῶτα
267 2885 447 2956 (ἀπεφήνατο
459 2883 578 2942 ’Ealuov
598 2889 648 2957 ος),
705 2885 804 2940 sionen
822 2885 862 2939 im
880 2885 1000 2940 Weltall
1018 2886 1112 2953 sehet,
1131 2884 1178 2940 die
1197 2884 1265 2941 hein

127 2965 152 3014 4.
167 2961 379 3014 innumerabiles
391 2961 515 3014 mundos.
534 2908 599 3012 aad
617 2974 647 3012 es
703 2957 784 3012 Geist
804 2975 838 3011 aa
852 2956 1069 3026 durehdringen‚
1089 2956 1265 3027 gesehweige

90 3028 225 3099 unadhlig
238 3028 431 3084 vieleWelten
441 3029 529 3098 gicht,
544 3030 649 3100 folgert
703 3028 779 3082 dean
797 3047 830 3082 aa
848 3028 1038 3083 beherrsohen
1056 3045 1180 3098 vermag.
1206 3027 1265 3098 Der

36 3102 43 3116 ‘
90 3099 200 3172 Epikur
223 3117 273 3154 aus
293 3100 342 3154 der
360 3100 581 3154 Unendlichkeit
600 3101 649 3154 der
702 3099 860 3170 Epikureer
894 3100 972 3154 kann
1009 3098 1070 3154 sich
1105 3100 1177 3154 eben
1209 3099 1265 3153 den

89 3174 191 3227 Atome
223 3171 281 3225 und
314 3172 363 3226 des
396 3171 492 3226 leeren
518 3171 648 3237 Raumes,
703 3170 1264 3241 GeistnurinMenschengestaltdenken.

89 3243 120 3298 in
151 3243 289 3297 welohem
320 3243 381 3297 sich
408 3241 514 3296 ,immor
544 3241 651 3297 wieder
743 3249 783 3298 10.
798 3245 839 3299 ita
852 3242 1027 3297 besohrtnht
1040 3244 1095 3296 den
1105 3242 1201 3296 Inhalt
1215 3243 1264 3296 des

89 3330 162 3370 neae
187 3312 525 3383 Atomenverbindungen
552 3313 651 3369 bilden
704 3331 813 3385 gamen
828 3313 932 3368 Satzes.
956 3313 1031 3368 Wir:
1047 3310 1126 3383 ‘mag
1145 3330 1175 3368 er
1191 3312 1265 3368 auch

90 3386 148 3441 und
181 3385 227 3440 die
259 3385 425 3455 gebildeten
457 3385 562 3440 wieder
590 3384 649 3439 auf·
704 3386 778 3440 noch
823 3401 854 3440 so
895 3383 964 3439 weit
1004 3384 1264 3452 umherschwcifen,

90 3457 170 3512 lesen
188 3455 313 3511 mussten.
342 3457 405 3526 Vgl.
422 3463 436 3523 ξ
452 3464 494 3513 67.
705 3457 835 3512 dennoch
854 3454 904 3511 -'.

127 3533 151 3583 ὃ.
168 3528 246 3599 Quod
259 3529 326 3597 quia
339 3530 590 3597 quemadmodum,
605 3529 650 3583 die
741 3530 794 3584 late
826 3530 967 3598 longeque,
1006 3529 1110 3583 ebenso
1142 3527 1177 3581 de
1209 3526 1263 3596 leg.

90 3597 651 3667 :illitterationnichtohneAbsicht,um
705 3601 726 3668 l,
744 3606 792 3665 34,
821 3598 866 3652 fiir
890 3599 941 3653 das
963 3598 1161 3668 gewohnliehe
1188 3598 1264 3668 torpe

88 3670 142 3725 'das
153 3669 363 3740 Schwerldllige
377 3671 407 3724 in
419 3671 470 3725 der
480 3671 652 3740 Auffassung
705 3672 816 3740 lateque.

92 3741 142 3795 der
159 3740 271 3810 Gegner
289 3759 322 3795 au
341 3741 601 3798 charalrterieieren.
743 3747 785 3796 11.
808 3742 914 3796 uultum
941 3757 1018 3796 orum
1044 3739 1151 3807 ultimi,
1183 3737 1265 3794 datiis

128 3818 152 3872 6.
186 3814 347 3884 argumenti.
394 3811 488 3879 Quint.
508 3814 540 3882 V,
558 3820 602 3882 10,
619 3821 648 3869 9:
704 3813 739 3867 de
766 3812 958 3880 fin.11,1oa=
986 3811 1066 3866 uultu
1094 3827 1157 3879 ora,
1184 3812 1265 3867 uulla

90 3885 203 3953 fabulae
225 3885 263 3938 ad
285 3889 376 3939 actum
398 3900 559 3940 scaenarum
579 3902 648 3941 eom·
703 3885 865 3940 extremitas.
903 3882 1013 3952 Wegen
1032 3883 1081 3936 des
1100 3881 1198 3937 Genet.
1218 3883 1265 3938 de·

87 3957 195 4025 positae
212 3962 376 4025 argumenta
393 3957 533 4011 dicuutur.
702 3955 828 4010 finitivus
847 3972 868 4009 s.
883 3953 1037 4024 Eli-Septi.
1053 3953 1226 4009 (lr.143aA.

128 4033 152 4081 7.
167 4027 281 4096 pateatis
302 4027 373 4080 statt
386 4034 517 4096 poscent,
538 4043 575 4081 an
594 4027 649 4082 den
741 4033 781 4082 16.
800 4027 905 4094 formae
929 4032 954 4082 et
976 4028 1095 4098 figurae,
1119 4043 1139 4081 s.
1159 4031 1224 4093 §90
1243 4043 1265 4082 z.

91 4096 338 4167 Hauptgedanken
357 4096 513 4153 attrahiert.
701 4099 807 4167 formae
824 4099 951 4168 duorum.

127 4171 165 4225 ad
188 4169 280 4237 dmm,
304 4167 430 4238 gemeint
453 4168 492 4223 ist
515 4170 565 4225 der
586 4171 653 4226 deus
745 4176 786 4225 16.
801 4172 860 4226 siue
872 4169 1186 4238 follibuaetiucuditm.
1200 4167 1264 4236 Vgl.

92 4257 125 4296 eu
156 4241 293 4295 martius.
334 4240 417 4295 Plato
446 4239 519 4296 Crat.
548 4241 651 4298 425D:
707 4247 780 4307 §19-

93 4305 186 4381 daea
206 4308 236 4366 ol
251 4312 471 4383 τραγῳδοποιοί,
492 4308 611 4368 ἐπειδάν
626 4334 653 4367 τι
742 4319 785 4368 20.
801 4313 1142 4381 eurioeum=aepr¹eoyou
1159 4337 1193 4349 -
1208 4309 1266 4377 ple-

93 4378 247 4453 ἀπορῶσιν,
258 4377 652 4454 ἐπὶτὰςμηχοινάςκασοιφεύ-
706 4400 774 4439 uum
791 4379 1171 4453 nepotii=aolvaadypaom

94 4472 186 4524 γουσι,
205 4450 294 4517 θεοὺς
313 4455 450 4524 αἴροντες.
743 4459 786 4508 21.
805 4454 903 4523 fatalis
920 4453 1078 4518 necesitas,
1097 4467 1119 4506 s.
1134 4456 1149 4516 5
1165 4456 1206 4504 ³9.
