2868 4878
204 246 247 312 26
591 237 639 294 DE
658 237 812 294 NATURA
830 236 992 294 DEORUM.

169 404 314 489 rPhilo,
333 402 531 488 Antiochus,
555 402 763 488 Posidonius,
785 424 805 467 a
828 401 946 487 quibus
965 397 1113 466 instituti
1131 424 1252 468 sumus,
1280 403 1327 468 Et
1350 405 1372 468 si

205 493 314 559 omnia
332 491 560 578 philosophiae
578 496 752 577 praecepta
770 490 956 556 referuntur
974 489 1152 576 advitam,
1180 491 1371 557 arbitramur

204 605 264 648 nos
288 587 322 648 et
344 581 484 667 publicis
508 585 542 646 et
563 581 700 666 privatis
719 581 755 644 in
772 581 870 645 rebus
893 583 931 648 ea
948 580 1167 666 praestitisse,
1190 603 1273 666 quae
1292 583 1372 648 ratio

162 671 186 737 4
204 677 238 737 et
260 670 410 736 doctrina
431 670 688 755 praescripserit.
718 667 777 734 Sin
795 673 905 734 autem
924 669 997 754 quis
1016 669 1165 755 requirit,
1183 693 1266 755 quae
1281 693 1372 736 causa

203 783 264 826 nos
283 759 465 844 impulerit,
483 763 520 824 ut
538 758 619 824 haec
637 763 706 824 tam
725 781 797 824 sero
817 758 936 824 litteris
957 758 1197 844 mandaremus,
1215 759 1300 824 nihil
1321 765 1392 844 ests

205 848 292 935 quod
315 849 465 932 expedire
487 852 557 914 tam
579 847 675 914 facile
698 848 871 932 possimus.
916 845 1003 912 Nam
1027 869 1100 912 cum
1122 847 1191 912 otio
1211 849 1371 935 languere

204 960 277 1003 mus
284 988 293 1022 ,
323 942 356 1002 et
383 937 412 1002 is
435 941 522 1002 esset
544 937 592 1001 rei
614 937 763 1022 publicae
794 940 914 1021 status,
943 941 982 1002 ut
1012 957 1084 1011 eam
1114 937 1209 1002 unius
1240 938 1371 1004 consilio

185 1024 303 1111 “atque
317 1048 395 1092 cura
413 1027 588 1113 gubernari
606 1048 738 1092 necesse
757 1030 856 1111 esset,
874 1024 1017 1110 primum
1035 1025 1139 1110 ipsius
1161 1027 1210 1091 rei
1228 1027 1372 1111 publicae

205 1138 303 1181 causa
337 1114 580 1201 philosophiam
617 1115 739 1182 nostris
778 1114 965 1180 hominibus
999 1114 1223 1199 explicandam
1254 1116 1371 1200 putari,

205 1205 317 1291 magni
340 1205 531 1270 existimans
554 1205 712 1270 interesse
740 1204 782 1270 ad
811 1203 907 1270 decus
940 1208 974 1269 et
1003 1205 1045 1269 ad
1075 1204 1203 1269 laudem
1234 1204 1371 1270 civitatis
1386 1227 1398 1264 ll

204 1316 256 1360 res
280 1298 348 1359 tam
373 1315 487 1381 graves
510 1298 643 1377 tamque
665 1293 849 1379 praeclaras
872 1292 1000 1359 Latinis
1029 1293 1129 1363 etia-m
1155 1293 1277 1360 litteris
1306 1317 1373 1359 con·

169 1383 317 1468 etineri3
340 1404 442 1468 eoque
474 1404 526 1447 me
558 1383 666 1448 minus
698 1375 844 1448 instituti
875 1382 940 1447 mei
972 1383 1132 1467 paenitet,
1164 1382 1251 1467 quod
1283 1382 1372 1448 facile

206 1471 326 1556 sentio,
354 1493 453 1556 quarn
471 1471 650 1536 multorum
676 1494 744 1537 non
772 1472 869 1538 modo
897 1472 1055 1556 discendi,
1085 1471 1142 1537 sed
1169 1472 1269 1537 etiam
1300 1473 1371 1537 scri·

205 1559 303 1624 bendi
326 1560 435 1625 studia
463 1560 704 1626 commoverim.
748 1557 941 1645 Complures
969 1561 1056 1626 enim
1088 1559 1220 1626 Graecis
1247 1561 1373 1626 instit·

205 1648 351 1714 tionibus
375 1648 494 1714 eruditi
518 1671 568 1734 ea,
600 1672 683 1735 quae
713 1650 906 1735 didicerant,
931 1672 1005 1715 oum
1037 1649 1162 1715 civibus
1193 1650 1260 1715 suis
1295 1673 1372 1716 com·
1385 1669 1399 1710 15

205 1738 371 1803 manicare
393 1759 460 1803 non
481 1742 650 1824 poterant,
674 1739 760 1823 quod
783 1739 853 1824 illa,
877 1761 959 1825 quae
978 1762 997 1804 a
1016 1737 1148 1804 Graecis
1168 1739 1372 1824 accepissent,

204 1825 322 1892 Latine
346 1826 410 1892 dici
427 1849 524 1912 posse
539 1827 730 1894 diffiderent.
769 1827 840 1905 Quo
863 1828 899 1892 in
917 1849 1034 1914 genere
1053 1832 1183 1893 tantum
1201 1828 1372 1913 profecisse

204 1916 365 2000 videmur,
387 1920 426 1982 ut
449 1939 468 1982 a
491 1915 623 1982 Graecis
645 1939 687 1982 ne
710 1917 883 1982 verborum
907 1917 1037 2002 quidem
1057 1917 1150 2001 eopia
1167 1917 1372 1982 vinceremur.

90 1997 92 2004 '
169 2015 186 2064 9
205 2003 347 2070 Hortata
369 2005 469 2071 etiam
492 2011 555 2092 est,
578 2009 616 2071 ut
639 2028 690 2071 me
713 2006 754 2070 ad
772 2004 853 2072 haec
871 2004 1065 2090 conferrem,
1088 2005 1189 2070 animi
1207 2006 1372 2101 aegritudo

241 2294 265 2341 1.
285 2286 369 2366 Philo
383 2302 433 2340 aus
447 2285 571 2354 Larissa,
590 2285 765 2355 Nachlolger
819 2286 954 2358 Bildung)
973 2288 1008 2371 oh
1027 2287 1110 2342 iacal
1132 2287 1213 2342 arur
1236 2293 1372 2371 aemmo-
1409 2297 1411 2374 l

206 2357 255 2410 des
270 2355 466 2411 Klrtomaehus
488 2357 530 2410 als
544 2357 700 2413 Vorsteher
714 2357 765 2412 der
801 2346 1008 2430 ΜΨ,
1027 2375 1074 2429 eqo
1088 2359 1211 2428 profecto
1229 2374 1254 2414 cs
1271 2373 1341 2428 sum.

185 2481 186 2484 ,
205 2427 361 2483 Akademie
380 2428 437 2481 und
457 2426 587 2497 zuglelcl]
610 2429 661 2482 (der
677 2426 763 2484 lethi&
854 2453 878 2503 8
906 2462 1009 2502 mecm
1037 2453 1110 2502 8880&
1154 2446 1249 2500 Durch
1281 2446 1373 2502 diesen

205 2498 382 2553 bedenteude
400 2497 546 2553 Vertreter
564 2499 718 2554 derselben.
818 2515 968 2572 Ausdruck
982 2516 1098 2572 mildert
1112 2515 1209 2572 010010
1225 2535 1274 2571 au,
1289 2518 1372 2586 fflug.

240 2587 393 2643 Antiochus
409 2603 459 2642 aus
481 2587 621 2656 Askelon,
646 2587 764 2644 Schliler
817 2588 1075 2643 heitsrhclrsichten
1101 2589 1157 2643 den
1178 2588 1306 2643 Freimut
1330 2589 1374 2642 der

206 2659 256 2714 des
283 2657 378 2728 Philo,
407 2658 453 2713 ein
481 2657 685 2729 Ahademiker‚
713 2660 764 2714 der
819 2659 951 2730 Sprache.
985 2659 1057 2714 Einl.
1072 2665 1087 2725 ξ
1103 2666 1145 2715 13.

202 2730 308 2800 jedoch
327 2730 383 2785 den
402 2727 606 2801 Sheptieismus
626 2732 676 2786 dea
694 2731 763 2785 Kar·
849 2733 987 2856 prienam,
1009 2730 1115 2786 diesem
1134 2730 1294 2802 antepricht
1312 2747 1373 2785 ana·

204 2801 480 2872 neadesbekampfte
492 2801 764 2858 undrielesvonden
817 2800 855 2856 ko
868 2801 981 2876 uthisch
1006 2801 1037 2855 in
1061 2807 1125 2868 §92
1151 2802 1273 2858 Hortata
1298 2804 1374 2858 etiem

206 2872 336 2926 Stoikern
362 2873 419 2926 und
445 2872 673 2943 Peripatetikern
703 2875 764 2927 eut·
818 2878 865 2928 est.
893 2872 1016 2928 Ahnlich
1034 2873 1055 2943 I,
1065 2880 1108 2942 43,
1127 2874 1163 2941 Il,
1174 2879 1234 2928 140.

204 2943 310 3011 lehnte,
329 2943 424 2998 indam
439 2959 469 2998 er
483 2943 529 2998 die
543 2943 765 2999 verschiedenen
856 2967 897 3016 10,
906 2964 1032 3018 imm,
1042 2993 1075 3003 .,
1085 2963 1239 3019 adram,
1248 2963 1373 3019 civitam

205 3014 332 3083 Systeme
354 3013 542 3069 miteinander
565 3015 597 3068 in
623 3015 765 3085 Einklang
819 3032 861 3087 De
876 3031 1015 3100 ὤμω,
1027 3033 1289 3106 Maynffiwmmud
1297 3037 1374 3090 amm

205 3084 382 3154 zahringen
408 3085 515 3140 suchte.
560 3085 642 3140 Scine
668 3085 764 3168 Philo·
819 3103 1006 3174 Romamque
1037 3106 1193 3162 hominibus
1219 3105 1373 3176 prosporum,

205 3154 763 3281 lsspssffmlussffsshdig·M⁰dephi¹3⁸⁰ph¹e
818 3181 850 3231 a
879 3174 993 3231 aneas
1020 3178 1052 3232 a
1077 3177 1374 3248 auctoratorum

204 3243 764 3354 ieinemdiademisoiceedikllircidisdii
816 3253 1052 3392 ”⁰553AE
1060 3247 1169 3393 ᾞῑὲῗέ
1182 3247 1374 3405 ἴωῖηοίθέἑ

205 3368 332 3438 mddlffig
351 3384 521 3440 angemgen·
817 3404 870 3460 wie
888 3405 936 3460 bei
953 3406 1057 3461 Brutus
1075 3407 1133 3463 und
1151 3407 1249 3484 Varro.

240 3458 268 3513 P
265 3459 420 3528 Ollmluls
439 3477 460 3514 Β·
481 3457 555 3514 Elnl'
570 3463 585 3524 ἓ
601 3464 642 3513 ¹⁹¹
854 3502 896 3551 16.
933 3496 1098 3566 accepissent
1143 3523 1170 3542 =
1208 3497 1373 3562 didicissem,

220 3553 264 3629 .²·
287 3547 446 3617 “mmm
467 3538 506 3604 ‘id
528 3551 625 3616 eiam,
652 3546 684 3602 5¹¹
709 3548 762 3604 30·
817 3566 922 3622 ebenso
944 3566 999 3622 wie
1016 3569 1123 3624 tradere
1147 3593 1174 3614 =
1191 3569 1292 3624 docere.
1313 3568 1373 3638 Vgl

204 3619 325 3689 arehuug
356 3618 456 3673 stehen
485 3636 548 3672 aum
578 3619 674 3674 Lebcn
704 3619 762 3674 und
817 3643 889 3705 μθ,

204 3690 342 3745 demnach
355 3689 427 3744 auch
442 3689 764 3760 praktischausgefiihrt
854 3715 895 3764 13,
923 3710 1065 3766 verborum
1093 3710 1172 3780 copia
1199 3711 1373 3767 sinemur.

203 3761 318 3842 Wflrdess
340 3760 443 3841 8011911,
466 3777 524 3815 W
552 3778 582 3815 1¹¹
606 3761 656 3845 de?
673 3761 763 3845 39891
817 3778 930 3835 Ciceros
944 3779 1153 3835 Verdienstum
1167 3781 1213 3835 die
1227 3780 1373 3837 Bereiche-

203 3832 284 3886 ΝΟΜ
303 3831 464 3901 geschlflhh
483 3838 581 3916 ΜΝ
598 3849 671 3916 emm
688 3849 764 3918 W]
816 3869 890 3921 rung
916 3851 965 3906 des
984 3851 1194 3908 Wortschatzes
1219 3851 1271 3906 der
1294 3853 1373 3908 latei·

203 3919 254 3972 4²⁴0
283 3903 514 3987 ΡῆῒῖθθίζΡΜΝΜ,
535 3910 689 3988 luventius,
715 3921 763 3988 2¹⁴!
816 3921 936 3977 nirchen
950 3921 1075 3993 Sprache
1091 3921 1160 3978 muli
1173 3939 1239 3978 man
1252 3923 1314 3978 roll
1329 3941 1373 3978 an·

203 3975 361 4043 obtemperet
378 3989 436 4042 epse
459 3975 513 4030 ectr
531 3981 556 4032 ct
574 3975 687 4031 &aare
704 3991 764 4034 suro
818 3992 969 4049 ,flumem
1018 3994 1181 4064 Anerdingg
1222 3995 1293 4065 geht
1340 4012 1368 4050 er

199 4043 320 4116 Pascal-⁹
338 4043 418 4099 Tm·
432 4044 520 4112 11,11.
815 4063 964 4134 gettieben
981 4080 1038 4119 von
1055 4064 1271 4135 patriotischem
1289 4037 1373 4132 Eifsr:

239 4138 264 4187 3.
286 4134 359 4188 rotro
384 4139 409 4189 et
434 4134 560 4189 dodriaa
582 4129 641 4188 ‘die
666 4134 762 4189 Philo·
815 4134 963 4190 hisweilen
980 4134 1012 4190 in
1030 4135 1126 4191 seinen
1149 4135 1245 4191 Behau
1268 4139 1374 4208 tunger

204 4203 320 4274 sophie’.
344 4203 409 4274 Vgl.
428 4204 463 4260 ad
483 4203 549 4260 fam.
563 4205 623 4273 XV,
638 4212 713 4272 4,1e:
737 4207 763 4260 sl
785 4215 787 4218 ·
815 4225 849 4261 zu
863 4206 942 4274 weit,
968 4223 998 4262 so
1027 4225 1106 4262 wenn
1125 4224 1155 4262 er
1181 4209 1216 4262 de
1241 4155 1289 4263 dn.
1310 4209 1374 4278 1,1o

203 4277 347 4346 quisquam
368 4277 426 4345 suit
452 4293 575 4347 anquam
597 4283 715 4333 remotas
738 4283 762 4333 ct
816 4278 1064 4346 undIILomeint,
1085 4278 1192 4334 dassdie
1206 4278 1373 4335 lateinische

203 4353 307 4402 cataro
342 4353 367 4404 et
400 4350 489 4418 mepta
531 4349 612 4404 etiam
655 4349 762 4403 ratione
816 4348 941 4419 Sprache
961 4349 1007 4404 die
1030 4349 1208 4420 griechische
1226 4366 1262 4404 an
1281 4349 1373 4408 Wort-

203 4417 415 4486 olqucdoctrr'na
423 4419 522 4489 (durch
530 4418 761 4496 hilohische
815 4420 954 4475 reiohturn
974 4437 1058 4490 cogar
1075 4420 1235 4476 fibertreffe.
