2852 4864
180 238 224 304 94
565 232 615 287 na
635 232 789 288 aarum
806 232 968 290 onoauu.

118 397 242 462 1aaerie
264 397 426 484 gentium,
449 395 586 462 anobis
609 395 772 482 diligetur.
818 393 888 462 Vos
911 399 1022 462 autem
1049 395 1128 480 quid
1155 395 1235 460 mali
1257 395 1368 481 datis,

180 507 254 552 cum
272 488 308 550 ia
330 484 558 554 imbecillitate
580 484 856 572 gratificationem
878 489 912 550 et
935 483 1196 550 benevolentiam
1214 485 1365 569 ponitis!

179 574 226 640 Ut
249 574 336 640 enim
360 574 512 639 omittam
533 573 601 638 vim
625 577 658 639 et
685 577 837 640 naturam
861 573 1008 659 deorum,
1034 595 1076 638 ne
1105 572 1254 638 homines
1288 574 1368 658 qui·

178 664 251 729 dem
289 663 442 747 censetis,
483 662 549 727 nisi
591 662 747 728 imbecilli
783 667 905 748 essent,
951 661 1081 727 futuros
1118 661 1284 728 beneficos
1328 667 1367 727 et

178 752 338 839 benignos
370 749 494 816 fuisse?
548 748 649 816 Nulla
680 755 732 816 est
764 751 883 817 caritas
912 750 1073 817 naturalis
1107 751 1194 816 inter
1224 751 1401 816 bonosae

179 837 315 906 Garum
337 840 447 925 ipsum
468 840 604 905 verbum
633 843 684 905 est
711 841 846 925 amoris,
880 863 920 904 ex
948 861 1012 925 quo
1040 839 1205 906 amicitiae
1231 861 1366 905 nomen

179 933 230 994 est
253 929 399 1015 ductum3
422 951 520 1014 quam
543 929 573 994 si
595 928 802 994 adiunctum
823 933 975 994 nostrum
997 927 1189 1012 referemus,
1215 951 1287 993 non
1317 929 1365 994 ad

178 1017 267 1083 illius
291 1017 473 1102 commoda,
497 1040 595 1102 quem
617 1016 805 1104 diligemus,
827 1039 894 1084 non
918 1017 982 1083 erit
1010 1017 1076 1083 ista
1105 1017 1263 1102 amicitia,
1298 1017 1365 1082 sed

178 1111 362 1172 mercatura
398 1107 556 1193 quaedam
591 1105 775 1172 utilitatum
807 1129 948 1172 suanum.
1002 1105 1102 1172 Prata
1138 1110 1172 1172 et
1208 1129 1289 1172 arva
1322 1112 1366 1172 et

177 1195 338 1284 pecudum
369 1217 486 1282 greges
518 1194 701 1282 diliguntur
729 1195 795 1262 isto
825 1195 936 1280 modo,
968 1195 1054 1280 quod
1083 1194 1210 1261 fructus
1240 1217 1281 1260 ex
1312 1195 1363 1261 iis
1385 1217 1411 1257 ιο

179 1284 364 1370 capiuntur,
386 1283 557 1350 hominum
580 1282 699 1350 caritas
723 1289 756 1349 et
779 1284 924 1350 amicitia
947 1283 1093 1371 gratuita
1114 1288 1174 1350 est.
1220 1282 1363 1360 Quanto

177 1373 280 1460 igitur
303 1373 409 1460 magis
432 1374 580 1458 deorum,
602 1373 659 1459 qui
681 1373 773 1439 nulla
792 1395 827 1439 re
846 1377 979 1460 egentes
999 1377 1033 1438 et
1051 1372 1138 1438 inter
1155 1395 1190 1438 se
1208 1372 1364 1460 diligunt

178 1466 212 1526 et
224 1461 413 1528 hominibus
432 1463 620 1528 consulunt!
645 1461 739 1538 Quod
756 1461 792 1527 ni
809 1462 858 1528 ita
876 1458 934 1548 sii,
953 1461 1031 1548 quid
1048 1483 1252 1547 veneramur,
1271 1463 1362 1546 quid

176 1573 348 1635 precamur
376 1550 476 1616 deos?
512 1573 569 1616 cur
598 1550 699 1617 sacris
727 1551 914 1637 pontifices,
943 1572 1001 1616 our
1027 1541 1181 1634 auspiciis
1209 1571 1359 1636 augures

176 1639 355 1724 praesunt?
387 1638 465 1726 quid
488 1643 639 1723 optamus
664 1662 683 1704 a
705 1639 755 1705 dis
778 1639 1042 1705 immortalibus?
1072 1639 1150 1724 quid
1172 1639 1358 1704 vovemus?
1380 1661 1407 1702 u

116 1727 224 1793 128At
246 1728 346 1794 etiam
369 1728 452 1794 liber
474 1733 525 1793 est
547 1727 683 1814 Epicuri
700 1728 740 1794 de
758 1723 943 1794 sanctitate.
980 1727 1139 1793 Ludimur
1157 1727 1198 1794 ab
1216 1727 1357 1794 homine

176 1838 244 1882 non
275 1821 344 1882 tam
375 1817 482 1883 faceto
513 1839 611 1902 quam
640 1817 682 1882 ad
711 1817 874 1884 scribendi
903 1817 1071 1883 licentiam
1100 1817 1213 1883 libero.
1258 1815 1357 1892 Quae

176 1906 264 1971 enim
290 1911 402 1991 potest
425 1928 496 1972 esse
519 1904 691 1991 sanctitas,
718 1906 747 1972 si
769 1906 816 1972 dii
837 1906 981 1972 humana
1002 1928 1070 1971 non
1093 1905 1231 1971 curant?
1264 1928 1355 1990 quae

177 1999 287 2060 autem
306 1995 454 2061 animans
472 1999 590 2061 natura
608 1995 692 2061 nihil
710 1995 850 2061 curans?
878 1994 997 2060 Verius
1012 1999 1063 2061 est
1076 1994 1180 2082 igitur
1192 1993 1356 2060 nimirum

120 2156 121 2161 ἵ
167 2084 271 2168 illud,
300 2085 387 2170 quod
415 2083 588 2151 familiaris
619 2084 764 2149 omnium
792 2089 944 2149 nostrum
971 2083 1165 2150 Posidonius
1193 2083 1354 2150 disseruit
1375 2106 1404 2145 ao

175 2172 212 2237 in
236 2172 322 2238 libro
350 2173 465 2258 quinto
493 2173 532 2237 de
558 2177 677 2239 natura
704 2173 851 2259 deorum,
878 2173 985 2238 nullos
1010 2194 1081 2238 esse
1104 2172 1180 2238 deos
1204 2171 1353 2256 Epicuro

176 2261 292 2345 videri,
322 2283 468 2346 quaeque
497 2261 526 2325 is
553 2260 593 2326 de
620 2261 670 2326 dis
697 2261 938 2329 immortalibus
965 2260 1099 2346 dixerit,
1127 2261 1267 2328 inuidiae
1297 2261 1353 2326 de-

176 2349 345 2415 testandae
374 2349 482 2435 gratia
510 2349 639 2414 dixisse.
684 2349 799 2436 Neque
827 2351 914 2416 enim
940 2355 1010 2416 tam
1037 2350 1199 2436 desipiens
1221 2349 1353 2436 fuisset,

176 2442 215 2503 ut
244 2437 434 2503 homunculi
465 2438 605 2503 similem
637 2438 733 2504 deum
764 2439 916 2526 fingeret,
947 2439 1148 2505 liniamentis
1178 2439 1352 2505 dumtaxat

176 2525 343 2611 extremis,
365 2547 432 2592 non
453 2526 570 2619 habitu
592 2527 710 2614 solido,
733 2528 888 2594 membris
911 2527 1054 2593 hominis
1076 2528 1262 2636 praeditum
1280 2550 1352 2593 om·
1373 2551 1402 2591 as

175 2615 286 2701 nibus,
313 2639 375 2681 usu
402 2615 623 2682 membrorum
649 2639 691 2682 ne
714 2618 849 2682 minimo
874 2617 1018 2702 quidem,
1031 2617 1164 2682 'exrlem
1187 2617 1352 2702 quendam

176 2709 274 2791 atque
286 2705 497 2792 perlucidum,
514 2704 598 2771 nihil
612 2707 764 2792 cuiquam
778 2706 987 2791 tribuentem,
999 2705 1084 2770 nihil
1098 2705 1351 2792 gratificantem,

176 2795 309 2862 omnino
331 2793 415 2859 nihil
437 2799 619 2880 curantem,
641 2795 725 2860 nihil
748 2799 909 2882 agentem.
952 2793 1041 2871 Quae
1063 2798 1182 2861 natura
1203 2795 1352 2880 primum

213 3062 236 3112 1.
255 3057 329 3112 datia
346 3083 374 3104 -
392 3057 510 3126 offerta,
536 3074 566 3113 so
592 3059 733 3128 damnum,
823 3065 848 3114 9.
871 3064 1027 3114 maesse
1047 3059 1188 3128 qeuadm.
1228 3057 1349 3128 Senep.
1423 3093 1424 3109 t

175 3125 304 3195 dobrem,
314 3130 479 3198 perniciem,
498 3131 602 3186 luctum
619 3128 733 3186 ducein
788 3136 813 3197 9,
824 3137 853 3186 9:
872 3131 948 3198 Ista,
968 3145 1051 3199 mem
1069 3135 1101 3184 ts
1113 3129 1252 3196 desita,
1266 3145 1345 3200 nepo·

176 3197 226 3253 der
262 3197 386 3269 Sprache
426 3201 476 3256 des
516 3201 733 3271 gewohnlichsn
786 3203 867 3257 tietdo
893 3207 932 3256 est
959 3217 1016 3256 noa
1042 3201 1182 3269 amicitia,
1213 3217 1283 3270 puae
1307 3200 1351 3256 ud
1422 3219 1423 3244 1

175 3269 293 3325 Lebens.
329 3270 393 3340 Vgl
408 3271 510 3341 Hibe.
786 3273 954 3328 mumadam
969 3271 1087 3339 coede,
1105 3287 1188 3341 guae,
1202 3272 1347 3341 quideca-
1422 3287 1423 3342 t

211 3347 236 3396 2.
250 3342 283 3396 ia
304 3343 494 3425 imbecillitate.
522 3341 731 3413 Vgl.Lael.29:
785 3350 915 3399 &maura
931 3345 982 3410 ait,
999 3348 1111 3413 spectat
1422 3373 1423 3459 p

174 3413 519 3499 quambenfivfllffllw‘m)
532 3415 733 3498 fflffWlll
820 3447 935 3488 amnem
961 3430 1008 3485 fur
1033 3437 1200 3500 comunem,
1227 3447 1249 3486 s.
1273 3435 1287 3497 5
1309 3435 1346 3485 87

174 3485 210 3539 cb
236 3486 420 3541 embeallatote
441 3485 596 3555 prodeam,
627 3490 669 3568 ut·
685 3490 732 3553 ast,
785 3521 806 3558 ᾗ,
822 3503 877 3558 ,gi
894 3503 1045 3573 dapum

169 3570 317 3642 ΨΜ*
333 3557 514 3641 ‘'aulum'’
534 3555 607 3624 Μ
618 3569 732 3640 ,4¹⁴le
821 3596 862 3647 lt.
882 3591 1032 3658 Μίνων,
1055 3590 1106 3645 das
1124 3587 1272 3644 Passisum
1288 3603 1345 3644 von

174 3627 317 3713 ‘myli’
334 3629 464 3683 mm
483 3641 550 3681 m
571 3627 732 3711 iamim
784 3662 889 3731 ledae,
914 3661 967 3716 wie
986 3679 1014 3732 p.
1033 3661 1125 3716 l'lacc.
1152 3665 1199 3715 ⁷6:
1226 3667 1259 3716 tu
1283 3659 1347 3716 ludi
1421 3713 1422 3734 ,

174 3704 199 3754 et
216 3713 328 3755 minema
342 3713 513 3770 pomorum,
531 3698 730 3766 adauctivum,
783 3739 809 3789 ω
826 3749 884 3790 m
900 3731 1092 3804 mmmm,
1421 3735 1422 3748 ,

173 3776 263 3825 onum
281 3771 428 3825 amicitiae.
1075 3773 1082 3788 ‘

210 3843 233 3896 7.
249 3840 417 3907 adfractum
434 3845 557 3894 maram
575 3840 730 3929 refermus,
820 3846 862 3896 17.
881 3855 938 3896 aea
956 3845 1013 3895 tam
1029 3839 1128 3908 faceto,
1146 3836 1200 3894 wie
1214 3843 1229 3904 ς
1243 3843 1291 3894 ὓὸε
1310 3838 1345 3894 dc

173 3910 226 3964 wie
254 3908 375 3980 Epilrur:
402 3909 452 3964 aul
478 3908 529 3979 τὴν
557 3911 656 3980 φιλίαν
681 3913 731 3965 δια
783 3911 891 3968 bomine
907 3912 1020 3966 minime
1036 3912 1131 3978 uafro,
1149 3909 1242 3978 Irae:
1266 3909 1346 3965 bom

172 3978 223 4044 vele
240 3981 337 4050 χρείας
355 3983 518 4051 γίγνεσθαι,
542 3981 624 4053 Diog.
639 3981 730 4039 asera
784 3999 842 4038 aaa
859 3983 1019 4052 aptissimae
1035 3983 1074 4036 ad
1091 3982 1247 4036 comodum.
1420 4005 1421 4054 p

172 4051 210 4132 X,
231 4057 291 4106 120.
336 4050 390 4106 Die
418 4055 550 4122 spbteren
576 4052 732 4124 Epikureer
820 4095 855 4144 ,⁰
881 4087 1047 4144 Mamm
1074 4103 1087 4142 ⁸
1110 4083 1184 4141 Em
1198 4091 1214 4152 ς
1230 4091 1263 4142 19
1420 4055 1421 4106 l

172 4122 282 4178 wrchen
308 4121 442 4193 dbrigens
466 4140 520 4179 von
534 4123 730 4181 dieserTheo·
856 4128 863 4142 ⁶
1046 4129 1055 4156 '
1089 4131 1096 4144 '
1265 4129 1271 4142 '
1420 4143 1421 4148 ¹

172 4192 226 4263 ra,
249 4193 357 4249 welche
377 4194 434 4250 aen
451 4193 613 4252 naastan
631 4195 730 4267 agos·
819 4179 1340 4264 aa.amaaaeaafaraa.oerbaer-
1416 4252 1420 4272 ,

171 4282 233 4320 mus
260 4265 303 4320 als
330 4265 420 4321 Motis
448 4266 499 4322 der
524 4266 732 4322 Freundachaft
783 4282 859 4337 gang
881 4283 931 4320 aus
955 4265 1006 4320 der
1028 4267 1097 4319 orat.
1113 4263 1230 4334 obliqua
1246 4263 1278 4318 in
1294 4264 1344 4320 die

171 4335 314 4405 hinstellt‚
341 4337 378 4392 ab
402 4338 460 4394 und
482 4337 581 4394 faltten
604 4338 730 4394 diuselba
784 4341 853 4394 orat
872 4339 961 4406 reeta,
989 4335 1044 4392 wie
1071 4335 1152 4391 nicht
1178 4336 1272 4391 selten
1295 4335 1344 4391 bei

170 4406 279 4464 idealer
297 4408 353 4464 auf.
784 4408 930 4466 Cicereia
949 4407 1068 4463 Citaten.
1105 4406 1170 4477 Vgl.
1185 4407 1219 4476 ΙΙ,
1232 4412 1293 4463 125.
