2868 4878
416 223 483 280 LIB.
499 224 519 278 Ι.
536 223 612 280 ΟΑΡ.
628 229 675 292 28,
696 231 738 278 24.
757 230 901 289 §ec-oi.
1204 229 1247 293 63

69 410 168 472 quam
198 390 315 452 vestra.
361 386 432 452 Ista
461 388 549 452 enim
577 388 705 475 flagitia
731 387 913 472 Democriti
943 388 1011 453 sive
1041 388 1141 454 etiam
1170 398 1246 455 ante

67 476 241 561 Leucippi,
264 497 335 540 esse
361 477 553 561 corpuscula
572 477 731 562 quaedam
749 473 847 562 l'e'via,
870 477 935 542 ulia
954 499 1083 562 aspera,
1105 478 1246 544 rotunda

68 566 147 650 alia,
165 565 287 651 partim
307 569 416 630 autem
436 567 605 653 angulata,
623 566 757 632 hamata
775 567 934 652 quaedam
953 570 987 630 et
1005 566 1246 653 quanssai

69 677 109 720 ex
136 653 188 719 his
217 654 368 719 effectum
396 677 466 720 esse
495 656 620 721 caelum
648 660 746 740 atque
774 661 895 722 terram
918 655 1009 720 nulla
1032 661 1169 742 cogente
1191 678 1247 721 na-

31 749 158 828 atura,
195 743 252 808 sed
288 765 449 809 concursu
484 744 625 830 quodam
661 743 814 829 fortuito,
855 744 940 809 hanc
976 750 1013 809 tu
1050 745 1246 830 opinionem,

69 831 104 898 O.
123 831 244 918 Vellei,
267 854 369 918 usque
392 832 433 897 ad
455 833 541 899 hanc
564 837 706 900 aetatem
728 834 922 919 perduxisti,
945 833 1102 918 priusque
1119 837 1153 898 te
1172 834 1245 918 quis

70 923 109 987 de
138 921 227 986 omni
254 921 341 986 vitae
369 925 459 986 statu
482 945 581 1008 quam
604 923 642 988 dc
665 923 731 989 ista
754 923 951 989 auctoritate
973 922 1140 1008 deiecerit3
1169 927 1245 987 ante

69 1011 157 1076 enim
180 1010 334 1076 iudicasti
356 1010 555 1095 Epicureum
578 1016 611 1077 te
635 1016 893 1097 essefoportere,
918 1033 1016 1097 quam
1038 1011 1104 1076 ista
1127 1033 1246 1098 cogno·

69 1100 156 1165 visti.
202 1099 256 1164 Ita
282 1121 415 1165 necesse
442 1099 506 1165 fuit
529 1105 587 1166 aut
609 1101 690 1166 haec
712 1100 840 1188 flagitia
864 1101 1033 1185 concipere
1056 1100 1165 1165 animo
1189 1104 1246 1164 aut

16 1211 48 1250 ro
70 1192 241 1274 susceptae
254 1187 258 1194 ’
271 1188 499 1273 philosophiae
528 1211 647 1254 nomen
677 1190 837 1255 amittere.
885 1188 970 1266 Quid
997 1189 1085 1254 enim
1112 1211 1245 1275 merens,
1264 1201 1299 1251 67

68 1283 107 1344 ut
129 1277 311 1362 Epicureus
339 1300 410 1343 esse
433 1278 585 1344 desinas?
630 1277 724 1345 Nihil
747 1279 910 1364 equidem,
937 1278 1061 1364 inquis,
1087 1277 1245 1362 atratum

68 1390 145 1432 nem
167 1367 255 1433 vitae
278 1367 392 1432 beatae
415 1367 651 1454 veritatemque
675 1368 828 1434 deseram.
871 1367 942 1433 Ista
963 1367 1068 1453 igitur
1091 1372 1141 1432 est
1163 1367 1246 1432 veri·

69 1456 146 1522 tas?
192 1455 279 1521 Nam
306 1456 344 1521 de
371 1457 440 1521 vita
467 1457 564 1523 beata
586 1457 670 1521 nihil
692 1479 854 1544 repugno,
883 1479 980 1542 quam
1004 1461 1042 1520 tu
1064 1478 1105 1521 ne
1127 1457 1164 1520 in
1186 1456 1245 1520 deo

71 1545 203 1630 quidem
234 1567 304 1610 esse
334 1567 459 1632 censes,
488 1546 553 1612 nisi
582 1548 679 1631 plane
710 1546 778 1612 otio
808 1546 972 1634 langueat.
1020 1543 1083 1611 Sed
1112 1545 1168 1610 ubi
1196 1549 1247 1609 est

18 1655 47 1696 ιε
69 1633 215 1700 veritas?
252 1633 292 1698 ln
310 1635 453 1722 mundis,
477 1636 586 1722 credo,
605 1635 911 1722 innumerabilibus,
931 1634 1082 1700 omnibus
1100 1634 1245 1720 lefl

69 1728 256 1808 temporum
283 1725 414 1808 punctis
443 1725 517 1790 aliis
540 1725 764 1811 nascentibus,
792 1725 866 1790 aliis
890 1723 1089 1790 cadentibus.
1135 1723 1190 1789 An
1212 1723 1248 1787 in

69 1811 246 1878 individuis
266 1814 483 1898 'cdipusculis
513 1819 583 1880 tam
611 1815 780 1899 praeclara
809 1835 909 1899 opera
938 1797 1033 1877 nulli
1058 1812 1246 1877 moderante

68 1895 202 1988 naturb',
232 1902 336 1967 nulla*
355 1902 483 1967 ratione
514 1903 738 1989 fingentibus?
792 1901 856 1967 Sed
885 1901 1008 1966 oblitus
1038 1900 1246 1966 liberalitatis

69 2013 176 2076 meae,
205 2013 269 2076 qua
292 1995 400 2055 tecum
423 1991 520 2076 paulo
544 1994 621 2056 ante
642 1991 694 2056 uti
717 2012 899 2076 coeperam,
922 1991 1017 2075 plura
1040 1989 1248 2073 complector.

110 2206 133 2253 1.
147 2200 257 2269 flapiiin
274 2225 303 2281 5²
323 2201 634 2272 opinionrrfinpiiiocue,
687 2202 840 2286 deiecimus.
874 2199 956 2255 Tusc.
972 2198 1013 2284 11,
1032 2204 1078 2254 14:
1105 2199 1248 2283 neptrici

91 2271 635 2424 uttaiaillitiibilnt
687 2279 817 2400 lll'at‘l
829 2272 1246 2424 tilitbttitt:

71 2412 145 2467 wnd
163 2414 273 2484 iupitia
286 2415 390 2468 wieder
407 2413 632 2484 ausgenommen.
723 2416 887 2471 onoioriinte
902 2440 930 2460 =
947 2415 1089 2481 sententia,
1111 2413 1166 2481 dre,
1181 2413 1247 2466 werl

109 2490 133 2538 2.
144 2484 476 2556 nveniam-Leucippi
486 2482 568 2541 ‘oder
580 2487 634 2540 soll
688 2484 729 2541 sie
747 2503 804 2541 von
821 2485 972 2540 Demolrrit
989 2485 1047 2540 und
1061 2483 1170 2555 Epikur
1186 2502 1246 2539 ver-

69 2554 121 2610 ioh
146 2551 289 2625 aagen’-.
326 2556 437 2627 Wegen
462 2557 554 2612 dieses
580 2557 633 2612 Ge·
687 2559 780 2612 treton
788 2556 866 2625 wiri,
877 2558 1160 2626 anctoriiosgenannt
1168 2553 1247 2610 wird.

69 2626 210 2681 branchos
228 2645 285 2683 von
302 2630 357 2684 sice
374 2647 422 2683 zur
435 2627 635 2698 Beaeichnung
726 2635 766 2685 10.
775 2636 913 2712 macene
922 2626 1036 2682 vertritt
1043 2627 1094 2680 das
1102 2625 1248 2680 Passivum

71 2696 151 2752 einer
164 2698 304 2767 gewissen
312 2699 513 2755 Unsicherheit
523 2701 572 2755 dos
582 2700 633 2753 Ur·
645 2730 654 2772 ,
688 2717 721 2754 zu
739 2701 869 2826 p-roterpq.

70 2767 155 2824 telles
174 2769 243 2824 oder
262 2769 339 2826 eines
353 2770 481 2826 Zweifels
499 2772 569 2826 iiber
588 2771 634 2826 die
723 2789 780 2826 omi
803 2787 846 2825 ere
864 2769 1017 2839 ausgeben,
1028 2767 1128 2822 fabren
1139 2761 1248 2834 lassen’,

70 2841 326 2909 Angemessenheit
353 2843 430 2898 eines
455 2841 634 2897 Ausdruckes
688 2838 1248 2910 wielll,124:cnpinmnmiitere.adium.

70 2910 635 3055 iii:iilitifiuitmbtit
688 2911 1249 3052 iiiltiiwim‘ttiiid

72 3054 157 3107 istinc
167 3053 254 3121 officii
264 3062 329 3110 inni
338 3057 422 3125 pueri
431 3055 569 3111 Ciceronis
581 3058 636 3112 sive
688 3055 735 3123 IV,
750 3061 798 3110 44:
818 3055 925 3124 proedo
943 3055 976 3109 de
993 3056 1121 3110 monibus
1138 3054 1248 3109 amman.

70 3125 635 3196 iamudnlesceniia-LencippnseusAb-
727 3127 801 3198 Quid
832 3127 904 3181 enim
936 3141 1037 3181 merear
1069 3125 1134 3179 'was
1161 3123 1249 3177 willst

72 3195 637 3268 doraum500v.0hr.warderBegrdnder
691 3199 729 3253 du
738 3197 996 3252 dafiirhabenium
1008 3196 1134 3250 walchen
1144 3189 1247 3250 Proici

72 3266 124 3320 der
141 3266 350 3324 Atomenlobre.
388 3266 470 3324 Seiae
484 3268 637 3325 Ansiohten
690 3269 768 3324 Verr.
791 3267 839 3337 IV,
874 3274 937 3324 135:
969 3269 1037 3337 qnid
1069 3266 1250 3324 arbitramini

73 3335 139 3392 sind
155 3337 259 3406 jedoch
278 3355 309 3394 so
326 3340 541 3410 unvollstandig
555 3341 636 3395 iiber·
690 3342 811 3412 Ropinos
828 3357 927 3396 merere
940 3341 1012 3408 velie,
1031 3346 1063 3395 ni
1076 3340 1112 3394 ab
1126 3341 1163 3394 iis
1176 3355 1248 3393 mor·

72 3407 181 3477 liefert,
196 3408 253 3464 dall
269 3409 310 3466 sie
325 3411 386 3466 sich
394 3411 476 3467 nicht
489 3413 569 3467 mehr
580 3429 638 3467 von
691 3429 781 3469 moran
795 3412 885 3467 Venno
904 3413 954 3467 illo
972 3409 1138 3479 uniamur?
1157 3410 1191 3464 dc
1201 3409 1248 3463 fin.

73 3480 167 3534 denen
187 3481 237 3536 des
256 3481 403 3538 Demokrit
420 3484 638 3538 untorscheiden
690 3485 784 3552 liii:
803 3484 871 3553 qnid
895 3485 1032 3550 mercurio,
1057 3488 1089 3538 ni
1114 3483 1198 3548 dicar,
1224 3487 1251 3536 ie

72 3551 637 3627 larrensodalimanseitEpikurZweifel
691 3557 785 3612 omnio
802 3554 950 3624 columniis
968 3569 1053 3609 conso
1070 3554 1218 3622 faciurum.

72 3621 144 3676 uber
154 3622 210 3676 den
219 3624 346 3680 Urheber
357 3626 407 3680 der
419 3625 635 3682 atomistischen
727 3632 768 3682 16.
778 3625 1040 3692 innumerabilibus,
1059 3641 1080 3679 s.
1090 3640 1113 3678 a.
1123 3629 1138 3688 ξ
1150 3627 1191 3677 53.

72 3693 635 3769 Lehrehegte.S.HirnelUnters.l,p.184.
724 3699 851 3753 omnibns
868 3697 1001 3763 minimis,
1020 3694 1100 3748 nicht
1124 3693 1250 3748 omnibns

110 3766 243 3833 quaedum
258 3798 292 3806 —
305 3768 523 3824 aiio-niis-
571 3770 636 3824 riim
689 3770 730 3824 cei
748 3768 879 3834 minimis,
899 3765 1037 3821 dadieser
1051 3763 1250 3820 unmittelbare

74 3865 110 3877 -
124 3837 271 3906 quaedam,
287 3837 349 3893 eino
362 3839 494 3894 thnlicho
538 3839 636 3910 annig-
690 3837 837 3894 Anachluli
852 3838 902 3892 der
917 3836 1093 3907 Superlativc
1107 3839 1248 3904 minimus,
1316 3839 1318 3844 ’

73 3906 221 3976 faltigkeit
238 3915 253 3975 §
270 3915 328 3966 103.
351 3909 432 3965 Tusc.
442 3910 475 3979 V,
486 3918 528 3967 38,
690 3912 813 3980 animur,
824 3916 967 3975 exiremus,
977 3924 1098 3964 summm
1112 3924 1149 3962 an
1162 3909 1250 3964 omnic

112 3983 137 4033 ὅ.
162 3986 267 4034 notura
286 3998 323 4036 sc.
339 3982 505 4053 intellepenii
518 3981 558 4036 im
569 3981 636 4037 stoi-
692 3979 998 4052 disregelmussigeisi.
1010 3978 1248 4048 vgl.141;111‚so.

75 4048 163 4104 schen
177 4049 276 4119 Sinna,
296 4051 349 4106 wie
364 4058 379 4118 ς
393 4059 439 4107 67ι
454 4055 532 4108 nulla
547 4054 633 4109 mode·
726 4060 768 4110 18.
782 4059 900 4119 nninro,
920 4070 941 4106 s.
955 4071 977 4106 a
992 4057 1008 4118 5
1022 4057 1065 4107 66.

75 4125 155 4176 rimie
186 4129 297 4178 natura.
343 4109 420 4179 liber
456 4131 560 4181 nninra
596 4124 635 4178 im
726 4130 768 4181 19.
785 4131 872 4181 iemm
886 4121 944 4177 ‘dir
958 4119 1137 4195 gegendber’.
1160 4122 1249 4190 Ill‚8=

76 4190 294 4263 epikureischen
313 4193 397 4250 Sinus
417 4213 439 4250 s.
455 4215 477 4252 a.
493 4202 563 4263 553.
688 4197 762 4252 ratio
785 4213 846 4251 enm
869 4194 1249 4262 caerimoniarum

113 4271 137 4320 i.
156 4265 189 4320 de
206 4271 280 4321 moin
296 4297 329 4306 -
343 4267 481 4336 Meceni,
501 4268 551 4322 das
570 4267 636 4322 Bild
689 4262 1250 4338 maseniosnmniprarimnmadram.

75 4334 114 4390 ist
126 4335 328 4391 entlchntvom
337 4337 463 4394 Fcchter.
489 4338 553 4408 Vgl.
566 4341 634 4394 orat.
689 4338 723 4408 V,
738 4346 762 4409 2,
778 4355 803 4395 c:
822 4340 891 4393 sniis
909 4340 1008 4394 tubeae
1025 4338 1098 4392 mliii
1115 4349 1155 4389 me
1169 4334 1251 4389 eiiam

78 4413 143 4462 129:
181 4408 352 4464 miniariis
383 4411 415 4464 de
450 4417 525 4466 stain
562 4411 637 4466 omni
689 4416 777 4466 meum
791 4411 880 4466 icini
888 4410 988 4477 irniris
996 4408 1105 4462 iniuria
1114 4403 1249 4473 conqueri.
