2854 4864
317 293 323 308 ’
360 337 572 395 11111011).
591 343 704 394 se-rr.
724 343 903 403 sur-rsa.
1156 343 1219 407 179

38 507 215 568 sumantur
237 503 288 568 vel
306 503 501 568 mandentur
524 500 655 567 condita
677 501 849 586 vetustati,
873 505 906 566 et
928 505 1097 585 praeterea
1119 502 1220 567 vesci·

38 614 112 656 mur
146 592 265 656 bestiis
300 595 333 657 et
367 591 505 657 terrenis
539 595 572 656 et
599 590 797 676 aquatilibus
827 595 860 654 et
882 591 1067 656 volantibus
1095 591 1217 674 partim

38 680 216 766 capiendo,
257 681 378 765 partim
417 681 541 745 alendo.
596 679 767 744 Efficimus
805 679 905 745 etiam
940 680 1067 744 domitu
1102 684 1217 745 nostro

38 770 279 856 quadripedum
292 770 473 855 vectiones,
496 791 636 855 quorum
659 769 808 833 celeritas
833 774 931 853 atque
951 768 1000 834 vis
1020 769 1216 853 nobisipsis

18 858 147 924 ·adfert
171 859 240 923 vim
263 863 297 923 et
320 859 528 924 celeritatem.
574 857 644 923 Nos
670 879 767 922 onera
791 857 985 942 quibusdam
1004 858 1134 943 bestiis,
1157 879 1217 922 nos

37 948 116 1034 iuga
140 947 354 1032 imponimus,
381 969 441 1012 nos
466 946 714 1031 elephantorum
737 946 946 1012 acutissumis
971 947 1135 1031 sensibus,
1157 969 1217 1010 nos

39 1037 224 1123 sagacitate
242 1058 358 1101 canum
377 1038 418 1101 ad
435 1036 614 1101 utilitatem
633 1038 781 1100 nostram
799 1035 978 1121 abutimur,
1001 1057 1061 1100 nos
1080 1040 1219 1100 eterrae

39 1125 188 1190 cavernis
212 1124 336 1190 ferrum
359 1125 520 1209 elicimus,
542 1147 612 1189 rem
636 1124 677 1189 ad
700 1125 851 1189 colendos
875 1146 972 1212 agros
990 1124 1219 1208 necessariam,

38 1236 98 1279 nos
132 1214 234 1299 aeris,
266 1215 408 1300 argenti,
441 1214 512 1279 auri
543 1236 641 1282 venas
671 1213 802 1298 penitus
826 1213 954 1278 abditas
978 1213 1161 1278 invenimus
1186 1217 1220 1278 et

18 1304 79 1366 rad
109 1325 210 1368 usum
239 1308 332 1386 aptas
362 1307 395 1368 et
418 1303 459 1368 ad
482 1307 634 1367 ornatum
658 1302 804 1387 decoras,
835 1302 989 1367 arborum
1012 1306 1122 1367 autem
1146 1323 1219 1367 con·

40 1391 187 1457 sectione
217 1392 369 1476 omnique
396 1392 534 1456 materia
557 1396 591 1456 et
614 1391 702 1456 culta
725 1397 758 1456 et
781 1391 924 1456 silvestri
946 1391 1068 1475 partim
1091 1390 1132 1455 ed
1155 1391 1218 1456 cal-

39 1481 216 1545 ficiendum
236 1502 353 1564 corpus
373 1481 444 1567 igni
463 1480 611 1546 adhibito
627 1480 714 1545 etad
727 1480 947 1566 mitigandum
962 1481 1071 1545 cibum
1086 1480 1219 1564 utimur,

40 1569 163 1653 partim
196 1569 238 1634 ad
269 1569 517 1653 aedificandum,
549 1573 588 1634 ut
619 1569 715 1634 tectis
745 1569 852 1653 saepti
878 1569 1003 1656 frigora
1031 1569 1219 1654 caloresque

41 1658 211 1740 pellamus.
271 1657 410 1744 Magnos
447 1680 523 1724 vero
560 1680 638 1723 usus
676 1657 782 1723 adfert
819 1658 859 1723 ad
895 1658 1027 1745 navigia
1062 1658 1281 1743 facienda,152

18 1765 181 1832 iquorum
225 1747 372 1812 cursibus
414 1747 665 1832 subpeditantur
706 1769 818 1812 omnes
861 1747 1003 1832 undique
1040 1748 1080 1811 ad
1116 1748 1219 1812 vitam

42 1836 172 1922 copiae3
215 1858 359 1921 quasque
401 1858 452 1900 res
494 1835 748 1900 violentissimas
785 1840 904 1900 natura
940 1836 1071 1921 genuit,
1107 1858 1218 1900 earum

45 1925 305 1990 moderationem
323 1946 384 1989 nos
404 1925 466 1990 soli
483 1924 657 2009 habemus,
680 1924 779 1989 maris
799 1928 897 2010 atque
915 1930 1100 2010 ventorum,
1120 1947 1218 2009 prop·

43 2017 92 2078 ter
118 2013 328 2079 nauticarum
355 2036 463 2079 rerum
488 2013 658 2079 scientiam
685 2013 900 2098 plurimisque
924 2013 1098 2078 maritimis
1120 2014 1218 2078 rebus

40 2100 182 2167 fruimur
206 2107 303 2187 atque
326 2103 458 2167 utimur.
499 2101 715 2168 Terrenorum
738 2101 819 2168 item
843 2102 1087 2167 commodorum
1111 2103 1218 2167 omnis

18 2195 92 2256 rest
115 2191 152 2256 11
169 2191 302 2256 homine
321 2191 518 2257 dominatus.
554 2190 625 2257 Nos
645 2191 782 2276 campis,
804 2212 865 2256 nos
884 2191 1051 2256 montibus
1070 2191 1219 2276 fruimur,

41 2281 148 2344 nostri
168 2284 246 2345 sunt
269 2302 394 2365 amnes,
417 2280 524 2345 nostri
541 2281 644 2366 lacus,
666 2302 727 2345 nos
745 2279 857 2366 fruges
877 2280 1024 2365 serimus,
1046 2302 1106 2345 nos
1126 2280 1219 2346 arbo·

42 2389 107 2454 res,
124 2391 187 2434 nos
208 2391 365 2454 aquarum
383 2368 627 2434 inductionibus
644 2369 741 2434 terris
760 2368 994 2434 fecunditatem
1013 2369 1139 2454 damus,
1157 2391 1218 2435 nos

42 2456 178 2522 flumina
201 2480 361 2543 arcemus,
384 2457 576 2545 derigimus,
600 2458 790 2544 avertimus,
812 2458 936 2523 nostris
960 2459 1098 2544 denique
1119 2459 1220 2524 mani-

43 2545 103 2687 bqs
127 2547 163 2610 in
186 2569 294 2612 rerum
316 2551 434 2612 natura
457 2547 551 2631 quasi
574 2547 711 2611 alteram
733 2552 886 2612 naturam
905 2546 1032 2612 efficere
1055 2571 1218 2613 conamur.

19 2651 27 2692 ⁵
75 2613 81 2688 l
133 2633 219 2711 Quid
250 2635 350 2700 vero?
385 2635 556 2700 hominum
583 2635 668 2700 ratio
695 2658 764 2701 non
790 2636 826 2700 in
849 2637 974 2701 caelum
997 2658 1100 2721 usque
1123 2659 1218 2720 pene-

44 2723 166 2789 trarit?
205 2722 274 2788 Soli
297 2724 383 2788 enim
407 2747 452 2812 ex¹
468 2725 690 2789 animantibus
713 2747 773 2789 nos
798 2729 960 2789 astrorum
980 2729 1084 2810 ortus,
1108 2725 1217 2790 obitus
1237 2698 1279 2762 61

46 2833 223 2899 cursusque
253 2813 479 2900 cognovimus,
511 2814 552 2878 ab
582 2813 753 2878 hominum
783 2835 900 2899 genere
929 2813 1042 2878 finitus
1067 2817 1117 2878 est
1140 2788 1283 2899 dies,153

45 2901 180 2985 mensis,
203 2924 322 2986 annus,
345 2901 543 2968 defectiones
567 2902 646 2968 solis
671 2907 704 2966 et
726 2903 822 2967 lunae
846 2902 998 2988 cognitae
1021 2902 1219 2986 praedictae-

82 3097 105 3147 1.
124 3095 252 3150 uuuuuti
274 3109 329 3148 von
353 3093 403 3148 der
421 3093 603 3164 zulrdnltigen
658 3099 716 3150 tum
726 3095 838 3163 penitus
851 3095 974 3150 abditum
990 3097 1054 3149 0110
1072 3095 1218 3165 poetische

45 3161 116 3233 Zeit,
145 3163 199 3218 wie
225 3183 252 3235 p.
279 3163 338 3219 Mil.
366 3170 413 3220 98:
442 3165 522 3221 00110
551 3183 603 3221 uu·
656 3164 851 3219 Reminiscenr
865 3181 915 3219 aus
931 3164 1022 3220 einum
1032 3165 1171 3236 Tragiker
1185 3185 1218 3220 zu

44 3250 125 3300 quam
151 3237 310 3291 obmutescet
335 3243 467 3302 00100100,
494 3237 552 3290 und
573 3235 603 3290 in
657 3235 725 3290 sein.
762 3235 893 3290 Ribbeck
911 3239 984 3306 trag.
1002 3236 1102 3308 fragm.
1114 3256 1142 3308 p.
1157 3244 1217 3294 220.

45 3304 601 3376 {thulicherVerbindungGatd.r.r.114:
694 3314 735 3364 11.
772 3308 889 3363 01000101
921 3304 1002 3362 ‘wild
1044 3306 1217 3364 wacheend’.

44 3374 138 3431 uiuum
155 3393 262 3432 seruare
280 3379 312 3432 iu
331 3384 494 3434 0000101001.
656 3377 726 3431 Ρ111.
748 3397 776 3433 n.
790 3378 817 3433 h.
833 3379 906 3448 VIII,
922 3385 969 3434 41:
991 3381 1122 3436 ulvertrir
1145 3397 1219 3437 rosa.

65 3450 254 3526 'vmcimur—
265 3449 371 3516 utendo,
389 3465 456 3503 man
470 3451 602 3504 erwartat
694 3455 734 3504 14.
754 3450 844 3517 adfert
862 3467 900 3506 sc.
915 3452 1038 3506 materia.

45 3517 180 3573 vrelmehr
222 3535 291 3589 quus
328 3522 434 3590 purtim
471 3522 604 3590 cupimus,
694 3526 736 3577 19.
754 3521 877 3589 fruimur
895 3528 975 3590 utque
988 3523 1218 3588 utimum-natur-

42 3591 145 3654 purtim
163 3590 272 3645 alimus.
678 3590 792 3646 emdsser
828 3597 902 3646 utre
946 3591 992 3645 die
1030 3591 1217 3660 umgekehrte

79 3666 103 3714 4.
179 3662 324 3731 dripedum
337 3663 477 3728 reuioues,
492 3661 539 3716 ein
552 3679 602 3716 11-
657 3609 787 3732 dtellung
806 3661 898 3717 dieser
915 3661 1019 3717 beiden
1033 3660 1143 3730 Worte,
1163 3666 1217 3716 wie

47 3736 123 3796 gewd
145 3731 254 3787 nlicher
277 3731 437 3788 abstrakter
455 3732 603 3788 Ausdruek
656 3733 679 3800 I,
689 3740 732 3789 30.
769 3733 833 3803 Vgl.
846 3733 951 3803 jedoch
965 3733 1001 3786 ad
1015 3732 1080 3788 fam.
1096 3732 1158 3803 VII,
1169 3739 1216 3788 30:

47 3801 89 3854 t'ttr
106 3809 138 3857 ut
157 3804 337 3874 quadripedes
354 3805 459 3860 ueiuut.
656 3804 694 3860 Id
712 3810 750 3860 est
764 3806 894 3874 cuiusque
903 3805 1060 3874 proprium,
1075 3820 1127 3874 quo
1141 3807 1215 3875 quis-

81 3878 103 3927 1.
123 3875 265 3929 abutimur
279 3870 342 3928 ‘wir
359 3877 463 3928 nutzen
482 3871 549 3930 aus'.
656 3891 706 3944 quc
723 3877 831 3943 fruitur
848 3882 928 3944 utque
945 3875 1043 3931 utitur.

49 4011 54 4020 .
80 3948 103 3998 8.
122 3946 245 4000 elicimus
258 3940 323 3999 ‘wir
343 3943 510 4015 genimen,
540 3945 602 4000 eine
693 3952 735 4002 22.
750 3963 887 4017 uquarum
901 3947 1217 4004 inductiouibuo=irri

47 4029 74 4065 m
101 4013 206 4070 diesem
241 4015 325 4070 Sinne
360 4017 403 4071 oft
429 4017 602 4085 gebrauchte
656 4019 821 4088 potioribus.

46 4082 199 4157 Metapher.
208 4087 274 4157 Vgl.
287 4088 322 4142 de
332 4087 378 4142 fin.
387 4087 420 4155 V,
429 4093 476 4142 51:
490 4089 603 4156 fabulae
692 4095 735 4143 23.
754 4105 877 4144 arcemus
890 4115 917 4135 =
930 4090 1001 4160 ripis
1015 4096 1171 4146 coercemur.
1184 4123 1217 4132 —

47 4155 135 4225 fictae,
155 4175 188 4214 00
205 4160 304 4228 quibus
322 4160 431 4214 utilitas
448 4160 528 4214 uultu
541 4160 604 4214 elici
656 4161 805 4232 deripimus
819 4155 1007 4230 ‘regulieren'.

43 4233 141 4297 porea,
177 4230 235 4283 und
263 4235 278 4296 ς
308 4235 371 4284 161:
404 4231 523 4285 remedio
555 4231 602 4285 eii·
691 4232 851 4299 11001100
869 4238 907 4288 est
924 4257 952 4279 =
965 4234 1094 4301 definitus
1111 4239 1157 4288 ert.

49 4298 162 4367 dumus,
181 4316 224 4354 wo
244 4300 291 4355 die
309 4300 429 4355 Hdschr.
452 4299 602 4356 falsehlich
692 4304 958 4372 summittaturque.
973 4303 1044 4358 Eine
1053 4302 1218 4357 Sonnenfin·

48 4368 175 4438 01100000
191 4371 278 4427 lesen.
656 4372 757 4428 sternis
783 4374 836 4428 soll
860 4392 923 4428 aum
948 4377 1043 4430 ersten
1065 4373 1139 4428 Male
1162 4390 1218 4429 von

82 4445 105 4494 9.
123 4443 236 4497 00110-
252 4441 481 4498 abditurscheint
493 4442 548 4499 wie
566 4443 602 4498 de
655 4442 759 4498 Thales
780 4449 985 4515 vorausgesagt
1009 4444 1123 4500 worden
1146 4444 1216 4501 sein.

49 4508 91 4564 off.
101 4511 135 4581 11,
146 4515 315 4583 ttzferrum,
325 4531 600 4585 ues,uurum,ur9eu·
654 4515 757 4571 Herod.
781 4515 802 4585 l,
823 4522 865 4571 14.

948 4605 1002 4658 12*
