2852 4864
201 248 264 313 122
585 240 634 295 DE
653 238 808 295 NATURA
824 239 988 296 DEORUM.

199 406 300 472 sionis
328 409 451 490 potest,
483 404 568 469 nihil
593 403 734 470 incisum
761 403 903 491 angulis,
935 403 1019 468 nihil
1042 403 1260 489 anfractibus,
1295 404 1377 468 nihil
1409 394 1410 448 3

199 495 358 579 eminens,
393 493 477 558 nihil
509 492 722 559 lacunosum?
765 515 902 578 cumque
934 493 1015 558 duae
1047 492 1172 557 formae
1203 498 1377 578 praestan-
1409 529 1410 532 κ

198 583 345 650 tissimae
368 582 448 667 sint,
472 605 511 647 ex
534 581 647 647 solidis
671 582 788 668 globus
808 579 870 668 (sic
889 582 976 646 enim
995 593 1143 663 σφαῖραν
1161 582 1378 665 interpretari

197 669 333 758 placet),
356 694 395 735 ex
416 671 524 756 planis
543 675 653 736 eutem
672 671 811 736 circulus
831 674 888 735 aut
907 670 1009 755 orbis,
1034 671 1091 755 qui
1109 667 1231 746 κύκλος
1252 670 1377 735 Graece

199 760 331 845 dicitur,
360 759 413 824 his
437 759 561 824 duabus
590 759 706 824 formis
730 759 893 846 contingit
925 758 1018 845 solis,
1049 764 1087 823 ut
1119 782 1232 824 omnes
1264 782 1378 824 earum
1393 779 1411 824 u

199 853 310 935 partes
335 848 403 913 sint
423 848 511 912 inter
534 871 568 914 se
588 848 783 913 simillumae
802 871 821 912 a
839 848 1010 933 medioque
1028 849 1221 913 tantundem
1241 851 1379 930 undique

142 953 180 1003 48
200 937 287 1002 absit
320 941 514 1021 extremum,
547 960 611 1022 quo
643 937 728 1002 nihil
754 937 826 1002 fieri
853 942 964 1022 potest
991 937 1109 1021 aptius.
1155 935 1219 1002 Sed
1244 937 1273 1001 si
1298 937 1377 1002 haec

199 1049 266 1091 non
284 1026 414 1112 videtis,
434 1026 511 1111 quie
528 1049 707 1111 numquam
725 1026 888 1090 eruditum
906 1026 1000 1090 illum
1017 1027 1185 1111 pulverem
1202 1026 1379 1112 attigistis,

198 1137 240 1180 ne
271 1115 335 1181 hoc
362 1115 493 1200 quidem
519 1115 649 1200 physici
672 1114 862 1200 intellegere
884 1114 1055 1199 potuistis,
1087 1115 1171 1180 hanc
1194 1116 1377 1200 aequabili-

199 1209 302 1270 tatem
329 1209 439 1270 motus
468 1204 750 1288 constantiamque
779 1204 930 1269 ordinum
956 1203 991 1268 in
1014 1203 1078 1267 alia
1101 1203 1207 1289 figura
1229 1226 1301 1268 non
1324 1227 1379 1288 po·
1395 1208 1412 1284 ll

199 1294 301 1358 tuisse
324 1293 469 1359 servari?
510 1293 627 1377 Itaque
649 1293 733 1357 nihil
750 1296 863 1377 potest
880 1315 951 1357 esse
969 1291 1146 1377 indoctius,
1169 1315 1269 1377 quam
1290 1293 1378 1378 quod
1411 1295 1412 1302 ’

199 1406 219 1447 a
245 1382 338 1447 vobis
364 1382 530 1446 adfirmari
553 1382 646 1446 solet.
692 1380 761 1446 Nec
785 1381 871 1446 enim
893 1381 980 1445 hunc
1002 1381 1111 1465 ipsum
1133 1382 1294 1445 mundum
1318 1405 1377 1467 pro

114 1488 119 1492 ·
201 1476 289 1536 certo
310 1470 488 1535 rotundum
506 1493 577 1535 esse
595 1470 718 1555 dicitis3
741 1492 818 1535 nam
836 1492 932 1554 posse
951 1470 1034 1554 fieri,
1058 1475 1095 1534 ut
1115 1469 1158 1534 sit
1176 1469 1242 1534 alia
1260 1470 1377 1556 figura,

144 1575 181 1623 49
201 1558 518 1643 innumerabilesque
536 1560 674 1624 mundos
698 1559 780 1624 alios
800 1559 938 1623 aliarum
958 1581 1028 1623 esse
1048 1559 1236 1624 formarum.
1276 1558 1376 1643 Quae,

200 1647 242 1732 si,
260 1646 311 1710 bis
331 1646 408 1710 bina
428 1651 508 1732 quot
527 1653 649 1732 essent,
668 1647 835 1712 didicisset
853 1647 1029 1732 Epicurus,
1049 1651 1136 1712 certe
1154 1670 1221 1712 non
1238 1648 1413 1733 diceret31l

200 1735 257 1801 sed
279 1737 356 1800 dum
378 1737 504 1822 palato,
527 1737 605 1821 quid
626 1736 670 1801 sit
689 1737 863 1821 optimum,
886 1736 1021 1821 iudicat,
1041 1732 1153 1800 ‘caeli
1175 1733 1376 1820 palatum',

138 1829 179 1894 19
199 1829 237 1890 ut
266 1824 314 1889 ait
336 1825 477 1911 Ennius,
506 1848 573 1891 non
600 1826 755 1909 suspexit.
801 1824 888 1890 Nam
908 1847 990 1911 ‘cum
1013 1825 1076 1890 duo
1100 1825 1167 1889 sint
1190 1847 1315 1912 genera
1338 1826 1377 1890 si·

200 1915 325 1999 derum,
363 1937 500 1999 quorum
537 1915 677 1980 alterum
709 1914 825 1998 spatiis
857 1914 1118 1978 immutabilibus
1151 1914 1192 1979 ab
1225 1919 1305 1979 ortu
1338 1916 1376 1978 ad

200 2025 351 2068 occasum
380 2025 564 2068 commeans
587 2004 714 2068 nullum
736 2025 891 2088 umquam
915 2025 1028 2067 cursus
1052 2003 1104 2067 sui
1126 2002 1308 2089 vestigium
1331 2004 1376 2067 in·
1413 2022 1414 2098 p

198 2092 323 2178 flectat,
362 2093 502 2157 alterum
538 2097 649 2157 autem
686 2092 857 2156 continues
894 2091 1120 2157 conversiones
1156 2091 1236 2156 duas
1269 2092 1376 2157 isdem
1391 2103 1414 2150 a

199 2181 316 2265 spatiis
349 2181 562 2266 cursibusque
594 2181 770 2267 conficiat,'
792 2203 831 2246 ex
861 2185 1000 2266 utraque
1027 2202 1063 2245 re
1091 2184 1124 2244 et
1147 2180 1260 2244 mundi
1283 2183 1376 2246 volu·

236 2433 260 2481 7.
293 2431 452 2493 extremum,
490 2425 571 2479 dafdr
603 2427 760 2494 gebraueht
813 2424 1376 2494 ausderGesctzmbssigkeitund

198 2495 256 2551 Cic.
275 2495 345 2549 Tim.
365 2503 380 2550 6
404 2496 454 2549 das
478 2496 692 2551 Substantivum
715 2515 758 2553 aa·
814 2496 977 2566 Ordnung
1008 2496 1101 2550 ihrer
1133 2495 1376 2567 Bewegnngen

198 2569 324 2622 eremitas
342 2593 369 2612 =
392 2564 425 2621 αἴ
445 2570 576 2622 relevrai
599 2564 658 2622 ‘die
681 2567 758 2623 Peri·
813 2568 999 2622 einerseits
1032 2567 1092 2621 dic
1119 2567 1376 2638 Kugelgestalt

196 2634 318 2709 pherie'.
813 2640 872 2693 der
891 2637 982 2692 Welt
1008 2639 1077 2692 und
1105 2639 1164 2692 der
1191 2637 1374 2707 Gestirne,

235 2735 260 2785 g·
279 2729 416 2784 eruditum
430 2730 576 2797 pulverem,
609 2727 759 2784 piemon
813 2708 1158 2790 andererseitsUihre
1191 2708 1375 2764 eccclien-
1414 2691 1415 2728 ³

196 2799 417 2854 Mathematilrer
440 2799 564 2869 pflegten
592 2800 647 2854 den
672 2799 757 2854 Tiseh
812 2781 886 2834 1¹0st
905 2798 943 2834 ²¹¹
962 2780 1144 2834 bellemen-

197 2871 252 2924 mit
267 2871 372 2925 feinem
387 2870 479 2925 Sande
493 2888 526 2924 zu
540 2871 687 2925 bedeclren
701 2871 758 2924 und
850 2875 891 2923 18.
916 2870 1015 2939 spatiis
1044 2870 1270 2925 immutabibbuc.
1318 2870 1373 2924 Der

196 2941 252 2996 mit
270 2941 362 2995 einem
381 2941 522 2994 Sttbchen
549 2943 667 3009 (radios)
696 2941 757 2996 ihre
812 2939 907 2995 Ablat.
936 2957 984 2992 zur
1010 2939 1210 3008 Bezeiehnung
1241 2940 1293 2994 der
1322 2941 1372 2994 Be·

198 3012 320 3081 Figuren
338 3012 368 3064 in
387 3011 541 3067 deuselben
563 3031 596 3066 zu
615 3012 757 3068 aeichnen.
812 3028 934 3081 wegung
952 3009 982 3064 in
996 3011 1064 3065 oder
1078 3011 1168 3064 durch
1182 3011 1372 3066 einenRaum.

199 3083 256 3137 Der
273 3081 408 3137 Gedanlrc
435 3081 473 3136 ist
504 3084 577 3138 also:
610 3083 656 3137 ihr
687 3084 759 3138 habt
812 3080 1373 3152 Sogleichnachherund5103n'cdcm

199 3154 271 3209 euch
296 3152 342 3207 nie
367 3152 421 3206 mit
442 3153 626 3208 Mathematilr
650 3154 757 3210 befallt.
811 3155 918 3224 spatiis
955 3152 1019 3222 Vgl.
1034 3159 1049 3219 ς
1064 3159 1113 3207 95:
1132 3160 1187 3208 toto
1205 3155 1288 3209 caclo.

235 3249 259 3297 9.
275 3243 394 3312 physici,
414 3241 545 3298 ironisoh.
566 3243 592 3298 S,
604 3243 624 3312 l,
636 3250 678 3299 77.
847 3245 882 3298 ab
908 3249 971 3298 ortu
998 3243 1035 3297 ad
1059 3258 1184 3297 oceasum
1212 3258 1372 3310 commeans,

236 3338 277 3386 rc.
297 3333 366 3386 caere
379 3333 515 3401 mutam.
544 3331 608 3385 wa
627 3331 688 3385 sau
708 3332 758 3386 uer
813 3313 858 3367 uu
896 3311 1046 3394 sesenna
1079 3312 1225 3394 ttslehen,
1256 3313 1372 3368 Umdre·

198 3400 321 3456 Himmel
345 3404 415 3458 fiber
437 3403 488 3456 der
510 3402 583 3456 Erae
602 3401 701 3471 wfflbp,
727 3419 758 3456 s0
811 3383 926 3454 hungen
936 3383 1145 3450 dermxscerne,
1155 3384 1276 3438 bewnlrt
1284 3385 1372 3438 durch

199 3475 249 3528 der
263 3472 390 3529 Gaumen
403 3474 474 3527 fiber
488 3474 538 3527 (101
551 3473 654 3542 zungffi
671 3473 758 3526 daher
812 3454 859 3510 die
877 3453 1068 3537 pesto'stliche
1083 3454 1218 3524 Drehung
1232 3455 1283 3509 der
1296 3456 1371 3510 Erde

198 3544 245 3600 die
264 3545 375 3616 gleiohe
394 3544 600 3613 Bezeichnung.
621 3543 709 3597 Varro
729 3545 757 3598 b.
812 3544 860 3580 um
877 3524 1049 3580 lhretsshse·

199 3615 759 3705 ABE-dtssivffllbffipalatum,s¹'l⁰0⁶¹'
847 3639 890 3688 20.
910 3633 1188 3687 conversancium.
1217 3629 1272 3686 Die
1297 3634 1371 3686 erate

197 3687 758 3826 pptppvegffiefflgcgtvmesspme
811 3703 995 3828 ffmdrsstussg
1009 3703 1102 3757 sacen
1116 3702 1372 3826 ciceianecctnpu

199 3828 309 3898 Wecen
337 3828 386 3882 des
405 3826 514 3911 triech-
534 3828 591 3916 vel·
615 3827 700 3883 Arist·
723 3801 758 3884 a·
812 3789 1372 3914 ztireiiiiiidu{ihit’sdtgui}

199 3894 758 3969 Ilm·³¹1·11217²vsst‘ltwlloavlvtv
812 3919 895 3970 unter
913 3915 969 3969 den
987 3915 1114 3970 Stemen.
1151 3915 1232 3969 Denn
1261 3915 1298 3969 da
1326 3916 1371 3970 die

198 3965 759 4042 ft3⁰flllall⁷lll⁰3m1lnssfflstngehmss
812 3987 950 4041 Planeten
969 3977 1080 4040 um'die
1100 3986 1193 4041 Sonne
1211 3985 1320 4053 leuton,
1341 4003 1370 4040 so

197 4057 254 4094 von
265 4042 351 4094 etwas
361 4039 506 4094 Besserem
516 4040 592 4094 kann
602 4059 667 4096 man
676 4041 758 4096 uber·
811 4059 962 4113 mandorp
998 4056 1058 4111 3101]
1094 4057 1140 4111 ihr
1172 4056 1223 4111 ort
1254 4073 1291 4110 an
1323 4057 1371 4111 de„

196 4113 305 4167 flellem
320 4106 423 4165 ‘Gaum
442 4143 476 4151 ·“
495 4111 728 4168 Hlmmelfll'ffllm'·
813 4128 933 4198 Sphtre,
953 4127 1049 4183 indem
1063 4127 1118 4196 sie,
1137 4145 1185 4182 um
1213 4127 1259 4181 die
1279 4126 1371 4182 Sonne

237 4206 278 4255 17.
296 4206 328 4255 ut
350 4201 392 4254 att
415 4200 543 4270 Εππίαε,
571 4218 626 4271 wo,
656 4201 759 4256 wissen
812 4200 874 4254 sich
882 4199 1046 4270 bewegcnd‚
1057 4201 1113 4253 den
1122 4197 1262 4254 Tierlrreis
1271 4198 1370 4252 durch·

198 4269 250 4324 wir
266 4270 355 4326 nicht.
812 4270 950 4326 wandeln.
970 4270 1054 4325 Diesc
1068 4269 1197 4324 Uml'aule
1212 4269 1371 4325 vollziehen

233 4342 312 4413 Kap.
329 4342 377 4412 19,
398 4348 541 4409 §se-56.
572 4341 759 4398 Beschrei·
812 4341 873 4396 sich
892 4341 939 4396 bei
958 4342 1013 4396 den
1032 4341 1177 4396 einzelnen
1195 4339 1372 4410 regelmhllig

195 4413 290 4484 hung
309 4414 368 4468 der
387 4413 686 4483 Sternenbahnen,
706 4431 759 4468 um
812 4411 842 4466 in
861 4413 1014 4467 desselben
1033 4412 1157 4468 Bahnen.
