2852 4864
367 210 868 277 LIB.11.0AP.1s-21.sso-or.
1142 213 1206 277 125

38 377 237 459 &ulvaeque
256 397 275 439 a
295 373 427 440 Graecis
445 375 643 460 nominatur,
663 397 745 460 quae
764 396 783 437 a
801 379 890 440 terra
908 375 1002 439 abest
1020 374 1206 458 plurimum,

37 491 101 530 xxx
131 463 198 528 fere
230 463 324 528 annis
358 486 489 528 cursum
522 486 617 528 suum
645 463 789 548 conficit,
822 463 857 528 in
885 486 949 548 quo
978 485 1075 528 cursu
1103 463 1207 526 multa

38 553 228 617 mirabiliter
260 551 403 616 efficiens
437 556 509 616 tum
536 554 767 637 antecedendo,
799 556 869 616 tum
894 553 1103 636 retardando,
1134 555 1206 615 tum

37 641 226 725 vespertinis
250 641 452 724 temporibus
477 640 701 726 delitiscendo,
729 645 800 706 tum
823 641 994 706 matutinis
1018 663 1149 705 rursum
1172 662 1206 704 se

19 729 205 815 reperiendo
212 781 220 814 ,
260 728 344 793 nihil
380 729 535 794 immutat
570 730 778 813 sempiternis
816 731 997 794 saeclorum
1033 729 1207 812 aetatibus,

38 819 113 904 quin
149 818 260 882 eadem
296 818 399 882 isdem
436 818 638 902 temporibus
676 818 805 883 efficiat.
858 817 949 882 Infra
980 822 1089 882 autem
1122 815 1207 881 hanc

37 907 166 991 propius
190 930 210 971 a
232 912 320 972 terra
343 905 431 972 Iovis
456 908 551 972 stella
573 907 691 992 fertur,
719 929 801 992 quae
829 908 973 970 Φαέθων
997 906 1129 990 dicitur,
1159 927 1208 970 ea-

38 1019 96 1081 que
119 995 256 1060 eundem
278 1021 326 1060 xn
351 995 520 1083 signorum
543 995 655 1059 orbem
675 996 768 1060 annis
787 1020 834 1060 xrr
855 995 986 1060 conficit
1005 995 1207 1078 easdemque,

39 1108 114 1170 quas
139 1083 272 1149 Saturni
305 1084 413 1169 stella,
446 1084 548 1149 efficit
575 1084 610 1147 in
636 1107 734 1149 cursu
755 1085 941 1149 varietates.
986 1083 1072 1147 Huic
1096 1087 1205 1147 autem
1225 1096 1259 1145 53

19 1174 218 1257 »proximum
241 1172 429 1238 inferiorem
449 1173 561 1238 orbem
581 1177 672 1238 tenet
692 1171 851 1258 Πυρόεις,
875 1195 957 1257 quae
976 1173 1072 1236 stella
1090 1170 1207 1235 Martis

39 1263 231 1347 appellatur,
263 1283 365 1346 eaque
392 1287 442 1327 1111
470 1266 503 1326 et
530 1288 575 1328 xx
602 1262 768 1326 mensibus
792 1289 840 1347 vr,
872 1265 910 1325 ut
933 1261 1061 1344 opinor,
1094 1259 1207 1324 diebus

39 1351 140 1416 minus
174 1350 312 1414 eundem
341 1351 462 1415 lustrat
490 1351 615 1436 orbem,
646 1373 744 1435 quem
772 1352 853 1415 duae
878 1349 1070 1433 superiores.
1116 1347 1207 1412 Infra
1298 1395 1302 1403 .

38 1439 118 1504 hanc
154 1443 265 1504 autem
299 1439 395 1503 stella
426 1439 579 1504 Mercurii
612 1444 677 1525 est,
715 1462 753 1504 ea
785 1441 940 1522 Στίλβων
973 1438 1157 1522 appellatur
1188 1459 1208 1500 a

40 1527 181 1613 Graecis,
215 1549 297 1612 quae
329 1550 414 1592 anno
446 1528 513 1592 fere
544 1533 693 1593 vertente
725 1528 918 1614 signiferum
945 1528 1065 1592 lustrat
1095 1525 1208 1590 orbem

19 1633 138 1700 lneque
166 1640 186 1681 a
215 1617 283 1681 sole
312 1617 442 1702 longius
466 1640 621 1702 umquam
643 1617 740 1682 unius
765 1617 851 1704 signi
874 1617 1046 1681 intervallo
1070 1614 1208 1680 discedit

38 1710 105 1769 tum
128 1709 349 1790 antevertens,
373 1711 444 1770 tum
467 1706 675 1791 subsequens.
721 1706 839 1770 Infima
863 1710 913 1770 est
935 1705 1079 1790 quinque
1101 1725 1208 1768 erran-

39 1795 118 1858 tium
137 1779 475 1878 terraeque'proxima
493 1795 589 1859 stella
603 1794 751 1879 Veneris,
771 1817 853 1879 quae
876 1790 1063 1874 Φωσφόρος
1078 1790 1208 1874 Graece,

39 1881 166 1948 Lucifer
197 1882 314 1947 Latine
346 1883 477 1967 dicitur,
514 1905 588 1946 cum
620 1883 845 1968 antegreditur
877 1882 992 1964 solem,
1029 1902 1104 1944 cum
1136 1879 1210 1942 sub·

40 1971 183 2057 sequitur
207 1975 330 2055 autem,
344 1967 526 2056 “Eoseooffi
562 1994 599 2036 ea
623 1993 754 2035 cursum
776 1992 862 2035 anno
887 1968 1018 2034 conficit
1041 1972 1074 2032 et
1096 1967 1208 2031 latitu-

19 2060 144 2125 rdinem
175 2061 320 2124 lustrans
353 2059 502 2146 signiferi
535 2059 623 2124 orbis
656 2063 689 2124 et
720 2058 973 2145 longitudinem,
1005 2056 1092 2141 quod
1124 2056 1210 2119 idem

39 2148 161 2214 faciunt
194 2148 308 2213 stellae
340 2148 538 2234 superiores,
573 2170 679 2233 neque
710 2169 866 2232 umquam
897 2147 938 2211 ab
972 2146 1039 2210 sole
1072 2144 1210 2208 duorum

40 2238 206 2323 signorum
227 2238 400 2302 intervallo
423 2237 553 2324 longius
573 2237 710 2302 discedit
728 2241 799 2301 tum
818 2234 1024 2320 antecedens,
1047 2238 1118 2297 tum
1137 2233 1210 2296 sub
1228 2257 1269 2319 21

40 2348 186 2410 sequens.
237 2325 331 2390 Hanc
363 2326 466 2412 igitur
497 2325 533 2389 in
565 2326 669 2390 stellis
703 2324 934 2409 constantiam,
965 2323 1050 2387 hanc
1082 2324 1209 2387 tantam
1229 2347 1263 2396 pr

39 2418 106 2479 tam
136 2414 236 2480 variis
270 2414 418 2479 cursibus
450 2415 486 2478 in
513 2415 602 2480 omni
629 2415 823 2480 aeternitate
847 2411 1108 2479 convenientiam
1130 2415 1211 2475 tem·

20 2519 155 2587 lporum
182 2526 250 2568 non
276 2526 411 2587 possum
432 2503 623 2590 intellegere
647 2504 717 2585 sine
740 2507 862 2589 mente,
891 2502 1032 2586 ratione,
1064 2499 1210 2565 consilio.

42 2590 128 2667 Quae
162 2615 235 2657 oum
267 2592 302 2656 in
333 2592 493 2658 sideribus
525 2593 632 2658 inesse
663 2593 843 2676 videamus,
874 2613 941 2655 non
969 2611 1144 2675 possumus
1173 2609 1211 2651 ea

40 2680 110 2763 ipsa
132 2703 199 2745 non
221 2681 256 2744 in
279 2681 412 2747 deorum
438 2703 573 2747 numero
601 2702 766 2765 reponere.
813 2679 884 2744 Nec
906 2701 982 2743 vero
1007 2699 1063 2742 eae
1086 2676 1209 2759 stellae,

41 2792 122 2853 quae
145 2770 325 2835 inerrantes
349 2775 520 2856 vocantur,
542 2793 610 2835 non
633 2769 821 2856 significant
844 2768 978 2832 eandem
1001 2768 1213 2829 mentemst

75 2966 99 3015 6.
118 2960 204 3028 Infra
222 2967 311 3015 autem
328 2962 400 3015 boae
417 2961 462 3015 fr'ir
481 2962 531 3015 das
550 2978 597 3030 ge·
689 2968 730 3017 15,
758 2962 845 3016 unius
871 2961 946 3030 sipai
972 2958 1124 3024 intervallo,
1151 2956 1211 3010 also

40 3029 231 3084 wthnlichere
247 3031 325 3097 infra
338 3032 409 3085 tanc
422 3038 525 3099 autem,
545 3031 598 3086 wie
653 3039 687 3088 30
706 3032 789 3101 (trad,
808 3031 838 3085 in
852 3029 999 3084 Wahrheit
1014 3028 1137 3083 entfernt
1150 3027 1211 3081 sich

40 3103 74 3155 de
95 3099 142 3156 off.
161 3101 195 3169 ΙΙ,
212 3107 242 3156 8:
266 3108 362 3156 contra
384 3109 474 3157 autem
497 3104 598 3171 mania,
653 3104 703 3157 der
721 3103 835 3158 Merkur
852 3119 905 3156 nur
927 3107 961 3156 28
980 3100 1056 3155 Grad
1081 3116 1137 3153 von
1162 3099 1212 3153 der

41 3173 75 3242 de
93 3190 115 3226 r.
135 3190 162 3242 p.
174 3171 220 3239 Vl,
237 3178 284 3228 17:
311 3174 390 3240 infra
415 3179 507 3228 autem
532 3191 598 3230 eom.
654 3174 755 3230 Sonne.

42 3242 163 3298 Ahnlioh
190 3243 225 3296 de
252 3243 412 3311 fin.11,43:
441 3251 501 3313 post
528 3246 600 3299 caim
691 3240 1213 3313 19.aaao,in224Tagen16Stunden.

43 3314 232 3384 Chrysippum,
248 3314 283 3368 de
298 3315 343 3370 off.
358 3315 392 3384 Il,
403 3321 450 3370 27:
466 3322 529 3385 post
538 3331 599 3371 vero
689 3317 869 3382 latitudinem,
880 3315 976 3369 indem
989 3313 1050 3368 sich
1062 3311 1109 3364 die
1117 3311 1211 3366 Venus

43 3385 134 3440 Sulmo
151 3387 303 3441 victoriam.
656 3387 723 3441 bald
755 3389 819 3441 dem
851 3386 1028 3453 ndrdlichen,
1052 3382 1121 3437 bald
1149 3383 1212 3435 dem

78 3462 119 3511 10.
138 3472 206 3526 quac
223 3459 300 3513 stella
317 3458 420 3513 Martis
437 3459 602 3528 appellatur,
656 3459 804 3513 sddlichen
829 3458 926 3512 Raude
958 3457 1008 3510 des
1040 3451 1212 3506 Tierlrreises

42 3544 106 3581 man
131 3530 262 3582 erwartet
287 3529 361 3582 nach
388 3529 452 3583 dem
479 3528 599 3583 Vorher·
653 3531 762 3587 nahert.

44 3598 189 3666 gehonden
215 3598 352 3653 vielmehr
391 3601 467 3655 stella
489 3601 601 3670 Martis,
690 3609 734 3657 21.
759 3604 876 3657 duorum
898 3601 1039 3670 signorum
1061 3593 1213 3659 intonatur,

44 3685 111 3737 quoe
130 3667 249 3737 Πυρόεις
267 3671 429 3739 appellatur.
654 3673 808 3727 htshstens
826 3678 860 3726 4⁷
881 3669 964 3725 Grad.

79 3745 120 3793 12.
140 3741 253 3809 lustrat,
276 3742 347 3795 liber
370 3741 416 3796 die
433 3741 602 3814 Bedeutung
691 3750 733 3798 24.
753 3752 810 3800 tam
827 3731 1213 3798 sarcasmorum-1

45 3827 64 3863 s.
80 3811 153 3879 Ι,87.
692 3821 734 3870 25.
753 3816 812 3869 siae
833 3818 919 3867 meato
947 3811 999 3863 etc.
1027 3807 1142 3862 vertritt
1169 3807 1215 3862 die

80 3887 121 3937 14.
141 3897 216 3937 anuo
235 3913 268 3923 -
291 3889 407 3939 verteme
433 3884 548 3953 (reflex.)
575 3911 603 3933 ι
657 3885 744 3940 Stella
764 3887 813 3940 des
831 3879 995 3937 Accusativs
1019 3879 1096 3935 eines
1119 3878 1214 3950 pradi-

45 3949 541 4095 canaanadtira
556 3956 602 4082 tr
655 3956 775 4082 {aa
799 3955 992 4096 Augetur
1005 3951 1216 4079 ..urat

45 4091 138 4148 Dauer
163 4094 213 4148 der
231 4093 446 4165 Planetenjahre
473 4096 603 4153 ziemlieh
656 4047 812 4170 argenteam
832 4097 997 4167 &epidimia
1011 4068 1072 4153 crim
1091 4096 1216 4164 lampade
1240 4117 1243 4124 ·

46 4180 136 4286 {enan
164 4164 240 4233 sind,
268 4165 308 4220 ist
338 4166 385 4221 bei
414 4167 528 4224 Merkur
556 4169 602 4225 die
656 4170 714 4223 und
734 4171 754 4237 1,
765 4176 799 4225 30
820 4188 843 4222 a.
867 4169 926 4224 aaa
951 4184 1067 4239 corpora
1105 4166 1216 4235 Wegen

67 4234 105 4289 eit
123 4253 179 4291 von
197 4241 249 4317 361}
268 4237 365 4307 Tagen
387 4237 444 4294 viel
467 4258 501 4294 au
528 4241 603 4296 hoch
656 4242 806 4312 intellegere
824 4258 845 4295 s.
860 4239 882 4307 1,
892 4245 935 4295 21.

46 4304 203 4376 bemesssn,
223 4323 264 4361 s1e
278 4307 392 4379 betrtgt
408 4309 439 4364 in
454 4311 604 4367 Wahrheit
692 4319 736 4367 27.
759 4312 791 4366 ia
813 4312 924 4367 deorum
946 4325 1058 4365 manao
1080 4320 1214 4376 reponere,

46 4393 97 4430 nur
114 4383 147 4433 87
167 4377 244 4448 Tage
263 4385 297 4434 23
316 4379 451 4439 Stuuden.
657 4400 678 4437 s.
693 4384 713 4452 Ι,
729 4388 763 4438 38
778 4401 801 4439 a.
816 4397 944 4452 reponere
962 4382 994 4435 ia
1012 4381 1082 4434 deos.
