2852 4864
189 285 253 350 108
569 276 618 332 DE
636 275 789 332 NATURA
807 275 972 332 DEORUM.

189 441 403 526 soliditatem,
425 441 568 505 animam
587 440 724 525 denique
743 440 833 504 illam
853 438 1056 524 spirabilem,
1075 435 1103 502 si
1123 435 1196 520 quis
1217 439 1366 520 quaerat,
1415 427 1416 482 3

187 531 273 596 unde
295 530 485 614 habeamus,
509 534 657 614 apparet,
680 527 873 614 quod'aliud
892 549 912 592 a
930 531 1018 592 terra
1037 523 1250 609 sumpsimus,
1275 524 1365 588 aliud
1415 541 1416 546 ’

188 620 230 684 ab
252 640 379 703 umore,
403 617 491 683 aliud
513 618 555 682 ab
577 618 661 704 igni,
684 617 772 682 alind
791 617 833 681 ab
852 621 925 681 aire
943 636 995 700 eo,
1019 636 1114 700 quem
1135 611 1255 696 spiritu
1274 612 1364 677 duci·
1415 629 1416 668 Ι

150 699 300 811 'lmus'
321 706 407 772 Illud
438 710 561 791 autem,
594 706 680 792 quod
707 705 810 770 vincit
836 704 917 769 haec
945 703 1068 784 omnia,
1099 702 1263 766 rationem
1291 701 1364 765 dico
1415 719 1416 724 ¹

190 800 236 880 et,
256 818 285 860 s1
301 796 410 879 placet
427 794 575 879 pluribus
594 794 716 879 verbis,
735 797 891 879 mentem,
911 792 1097 876 consilium,
1117 790 1364 876 cogitationem,
1382 808 1395 849 s

189 883 409 968 prudentiam,
446 883 502 947 ubi
537 883 743 948 invenimus?
784 882 868 947 unde
901 879 1116 946 sustulimus?
1168 878 1223 943 An
1255 882 1366 943 cetera
1412 932 1416 954 ,

190 971 329 1037 mundus
361 971 496 1036 habebit
528 971 651 1056 omnia,
666 971 746 1036 ·hoo
773 993 887 1056 unum,
920 969 1007 1055 quod
1033 967 1167 1053 plurimi
1200 972 1265 1052 est,
1297 989 1365 1032 non

188 1060 346 1126 habebit?
382 1060 486 1146 Atqui
510 1065 596 1126 certe
618 1059 702 1125 nihil
726 1060 872 1125 omnium
894 1081 1003 1124 rerum
1025 1057 1142 1122 melius
1162 1060 1213 1120 est
1232 1056 1366 1139 mundo,

189 1149 273 1215 nihil
299 1149 543 1234 praestabilius,
570 1149 654 1214 nihil
681 1148 863 1233 pulchrius,
890 1169 950 1212 nec
978 1147 1085 1212 solum
1106 1144 1191 1209 nihil
1214 1149 1279 1229 est,
1307 1144 1364 1209 sed

189 1259 231 1303 ne
264 1239 403 1324 cogitari
435 1238 566 1323 quidem
596 1238 769 1322 quicquam
797 1237 912 1302 melius
940 1239 1060 1320 potest.
1106 1234 1151 1298 Et
1179 1233 1207 1298 si
1234 1233 1416 1298 rationem

191 1331 224 1392 et
254 1327 415 1411 sapientia
443 1327 527 1391 nihil
555 1331 607 1391 est
633 1327 763 1411 melius,
793 1347 924 1391 necesse
952 1328 1002 1388 est
1024 1323 1104 1388 haec
1127 1322 1234 1387 inesse
1257 1322 1293 1386 in
1316 1344 1365 1406 eo,

139 1415 278 1502 acquod
311 1415 471 1499 optimum
503 1437 573 1480 esse
606 1415 819 1480 concedimus.
876 1413 959 1490 Quid
991 1411 1091 1477 vero?
1129 1415 1223 1476 tanta
1253 1433 1364 1475 rerum

192 1504 412 1588 consentiens,
441 1504 646 1588 conspirans,
669 1503 859 1568 continuata
882 1501 1035 1589 cognatio
1058 1523 1155 1585 quem
1177 1522 1245 1564 non
1268 1503 1365 1586 coget

192 1614 243 1676 ea,
267 1613 349 1676 quae
373 1591 525 1656 dicuntur
548 1614 567 1656 a
590 1614 655 1676 me,
679 1591 912 1676 comprobare?
950 1590 1107 1655 Possetne
1130 1609 1195 1653 uno
1216 1592 1364 1672 tempore

191 1681 320 1765 florere,
353 1680 427 1744 dein
455 1679 600 1745 vicissim
629 1679 762 1746 horrere
792 1679 901 1745 terra?
938 1683 995 1743 aut
1022 1682 1074 1743 tot
1103 1676 1199 1741 rebus
1223 1677 1304 1761 ipsis
1329 1699 1363 1741 se
1382 1693 1405 1735 rt

191 1768 443 1834 immutantibus
471 1769 550 1834 solis
578 1791 726 1834 accessus
750 1769 975 1853 discessusque
1000 1765 1152 1832 solstitiis
1175 1765 1364 1850 brumisque

193 1857 369 1944 cognosci?
409 1863 467 1922 aut
498 1862 608 1923 aestus
640 1858 799 1922 maritimi
829 1857 1053 1940 fretorumque
1085 1854 1256 1941 angustiae
1290 1857 1366 1918 ortu

192 1951 250 2012 aut
273 1946 366 2012 obitu
389 1947 484 2012 lunae
508 1946 727 2012 commoveri?
757 1950 814 2011 aut
837 1969 901 2010 una
924 1944 1027 2010 totius
1051 1942 1131 2008 caeli
1155 1942 1365 2007 conversione

193 2058 306 2101 cursus
331 2038 494 2100 astrorum
517 2036 662 2120 dispares
687 2034 893 2099 conservari?
938 2033 1028 2097 Haec
1050 2032 1098 2096 ita
1120 2031 1192 2095 fieri
1213 2030 1364 2096 omnibus
1415 2087 1416 2102 ,

192 2124 279 2188 inter
307 2146 341 2188 se
369 2124 614 2190 concinentibus
643 2122 755 2188 mundi
782 2122 930 2208 partibus
958 2120 1106 2207 profecto
1131 2142 1199 2184 non
1220 2124 1365 2204 possent,
1382 2138 1407 2178 ro

140 2226 175 2278 20
192 2212 258 2277 nisi
282 2235 320 2277 ea
342 2234 406 2277 uno
430 2213 540 2278 divino
565 2217 598 2277 et
619 2211 808 2278 continuato
828 2211 947 2295 spiritu
965 2209 1219 2275 continerentur.
1256 2207 1366 2292 Atque

193 2300 274 2366 haec
298 2323 372 2365 curn
395 2300 527 2366 uberius
551 2301 760 2385 disputantur
783 2303 816 2366 et
837 2298 957 2384 fusius,
978 2303 1016 2363 ut
1035 2297 1116 2362 mihi
1135 2297 1238 2361 estin
1257 2297 1365 2361 animo

232 2532 256 2581 Ι.
272 2527 513 2582 muudustabebit
527 2522 623 2582 ‘sollte
637 2525 752 2596 haben',
806 2525 860 2581 mit
885 2542 1008 2582 accessus
1033 2527 1216 2594 discessusque
1243 2541 1277 2577 zu
1304 2539 1366 2576 ver·

195 2596 328 2651 vibrend
343 2598 394 2651 der
407 2597 538 2652 Lateiner
552 2597 591 2651 im
605 2601 762 2666 argumen-⁴
807 2595 921 2652 bindeh.

194 2671 256 2723 tum
274 2685 289 2722 e
304 2667 444 2723 contrario
460 2671 529 2723 stets
544 2669 598 2723 den
611 2667 753 2724 ludilrativ
845 2675 884 2723 17.
895 2675 986 2724 aestus
994 2668 1136 2723 maritimi.
1155 2666 1197 2722 De
1207 2665 1264 2721 div.
1273 2665 1307 2734 ΙΙ,
1319 2672 1366 2720 33:

195 2739 355 2794 Praesentis
382 2740 449 2795 oder
465 2739 564 2794 Futuri
588 2740 752 2810 gebraucht.
807 2756 923 2809 warum
947 2755 1070 2794 accessus
1094 2745 1119 2794 et
1141 2753 1261 2792 recessus
1285 2738 1367 2792 iuriae

195 2810 488 2882 Vg1.11‚er;111,4e.
806 2817 881 2866 motu
899 2812 1096 2881 puberuamur.
1133 2809 1197 2863 Von
1216 2809 1272 2862 den
1282 2807 1366 2861 Alton

233 2887 274 2936 13.
308 2885 476 2937 couseutieus
508 2910 542 2922 -
575 2883 700 2953 coguatio
727 2908 754 2927 =
807 2881 888 2935 hatte
919 2880 1071 2934 besonders
1099 2878 1266 2934 Posidonius
1298 2878 1366 2933 iiber

197 2949 362 3076 {aquagium
382 2953 450 3077 plorli
457 2952 570 3077 Shtoiger
593 2954 753 3077 (s.Ill,128),
809 2952 854 3077 dote
871 2951 951 3006 libbe
969 2951 1103 3005 undFlut
1120 2950 1159 3074 ips
1178 2948 1365 3074 afflafflhen

218 3064 224 3076 .
257 3065 262 3077 .
297 3039 327 3077 er
345 3038 382 3076 na
395 3041 427 3076 ur
451 3040 502 3078 ce
533 3040 677 3078 usammen
698 3039 755 3092 ang
834 3039 903 3076 aean
967 3039 1086 3076 enituere
1151 3038 1184 3076 eo
1205 3037 1239 3074 ac
1313 3037 1366 3089 gen

197 3093 269 3148 aller
300 3093 378 3147 Teile
416 3095 466 3148 der
494 3094 573 3149 Welt
604 3094 661 3149 und
693 3094 754 3147 ihre
809 3040 972 3164 angestelli.

198 3163 495 3234 Wechselwirlrung„
524 3165 597 3220 Dem
642 3164 755 3220 Stoilrer
843 3167 975 3233 fretorum
1015 3165 1167 3234 aupustiae.
1229 3161 1282 3216 Die
1318 3161 1365 3214 Er·

197 3233 236 3289 ist
252 3234 387 3289 dieWelt
400 3235 446 3289 ein
460 3235 755 3306 organischesGanae,
810 3234 966 3304 scheinung
989 3235 1039 3289 der
1064 3234 1143 3288 Ebbe
1165 3233 1224 3287 und
1242 3232 1309 3286 Flut
1330 3231 1368 3285 ist

198 3305 244 3360 ein
272 3307 352 3372 ζῶον.
397 3307 492 3362 Duroh
520 3307 566 3361 die
593 3306 756 3360 mebriache
809 3306 848 3360 im
880 3305 1051 3360 Mittelmeer
1086 3303 1305 3374 haupts‘achlich
1339 3302 1368 3356 in

197 3376 422 3448 Wiederholung
448 3395 504 3433 von
532 3395 582 3433 com
609 3377 680 3430 vird
706 3378 756 3430 der
809 3377 865 3431 den
885 3376 998 3430 Sunden
1015 3376 1074 3430 und
1090 3376 1260 3444 Meerengen
1278 3373 1366 3429 wahr-

198 3447 304 3516 Begriff
331 3449 382 3504 der
409 3446 756 3517 zusammengehtrigkeit
809 3449 954 3503 nehmbar.
1409 3487 1416 3508 ,

198 3519 360 3590 gesteigert.
396 3520 461 3590 Vgl.
477 3520 524 3590 ΙΙΙ,
535 3525 577 3574 28.
847 3525 887 3574 18.
907 3535 967 3574 uma
985 3515 1071 3572 ‘auch
1084 3534 1141 3571 nur
1157 3515 1204 3572 bei
1218 3515 1296 3570 einer
1310 3514 1367 3570 ein·
1415 3511 1416 3518 ’

236 3597 277 3646 14.
291 3609 347 3646 uuo
357 3599 474 3661 tempore
487 3621 521 3630 -
535 3590 655 3645 uicissim
664 3590 756 3644 =alio
809 3588 912 3659 zigen’.

198 3667 314 3732 tempore
341 3694 375 3704 —
404 3663 467 3716 alio.
515 3660 600 3714 Sonst
630 3659 670 3714 ist
699 3677 756 3715 uuo
847 3667 888 3716 19.
909 3675 1005 3715 cursus
1022 3659 1161 3728 dispares,
1180 3657 1226 3711 die
1242 3658 1293 3712 der
1306 3657 1367 3710 Pla-

197 3738 314 3803 tempore
339 3731 518 3802 gevohnlich
537 3757 564 3776 =
577 3747 633 3785 uuo
656 3732 756 3786 eodem-
809 3733 895 3785 neten
917 3730 973 3783 und
996 3729 1149 3785 Fixsterne.
1184 3717 1261 3784 liber
1284 3729 1369 3783 deren

198 3819 249 3872 que
270 3811 394 3874 tempore.
433 3802 541 3871 Wegen
560 3803 679 3856 vicissim
697 3801 756 3871 vgl.
810 3801 929 3856 Bahnen
948 3819 969 3854 s.
984 3806 999 3866 ξ
1014 3806 1056 3854 49.

200 3873 235 3927 de
258 3874 313 3942 leg.
333 3875 366 3940 ΙΙ,
377 3879 425 3927 43:
453 3874 532 3928 modo
556 3874 691 3939 timentes,
716 3873 755 3928 oi·
845 3878 888 3927 21.
903 3873 1062 3926 coutiuuato
1071 3872 1182 3940 spiritu,
1197 3870 1247 3924 das
1256 3871 1367 3938 πνεῦμα

200 3945 290 3998 cissim
309 3949 504 3998 coutemueutes
521 3944 686 4013 relipioaeui.
810 3939 912 4010 νοερὸν
935 3941 984 3996 καὶ
1007 3939 1157 4010 πυροειδὲς
1180 3941 1230 3995 der
1249 3940 1367 4008 Stoilrer,

237 4020 279 4069 15.
294 4021 333 4069 tot
347 4016 426 4069 rebus
435 4015 503 4083 ipsis
512 4030 539 4068 se
548 4015 758 4068 immutantibus
811 4014 933 4068 welches
951 4013 1216 4081 ununterbrocben,
1228 4012 1256 4066 d.
1269 4012 1297 4066 h.
1312 4009 1367 4064 ein·
1410 4057 1416 4066 .

200 4084 263 4139 aa.
283 4084 333 4137 der
351 4085 492 4154 Pflanzen,
507 4101 557 4139 aus
573 4084 658 4138 deren
677 4100 756 4154 orga·
811 4083 931 4138 beitlich
950 4083 996 4138 die
1011 4083 1089 4138 Welt
1108 4082 1295 4152 durchdringt
1311 4081 1368 4134 und
1415 4095 1416 4104 ¹

199 4153 313 4209 niscber
341 4157 432 4226 (apsis)
461 4155 662 4224 Veranderung
693 4172 759 4208 man
811 4155 985 4210 beherrscht.

200 4226 251 4282 auf
276 4225 338 4282 eine
366 4226 485 4297 grtltere
513 4227 581 4281 oder
611 4225 758 4296 geringere
848 4232 890 4281 22.
904 4221 1189 4294 fusius‘infreierem
1198 4221 1315 4294 Ergull’,
1329 4221 1368 4276 im

200 4297 377 4369 Entfernung
406 4299 457 4352 der
488 4298 580 4353 Sonus
613 4295 759 4351 sohliellen
813 4295 970 4366 Gegensatz
989 4314 1023 4349 au
1041 4297 1106 4349 dem
1122 4297 1260 4351 commsum
1273 4295 1367 4349 aemi·
1415 4301 1416 4304 ’

199 4368 284 4426 kann.
812 4375 910 4422 mutum
933 4367 1043 4422 diceudi
1059 4383 1158 4437 pomus,
1177 4366 1312 4420 walchem
1329 4364 1370 4417 im

237 4446 278 4496 16.
305 4442 430 4498 solstitiis
455 4443 610 4512 brumisque
638 4438 677 4493 ist
704 4455 759 4507 eng
813 4437 1002 4508 allgemeinen
1025 4437 1071 4491 die
1091 4437 1204 4493 Stoilrer
1226 4435 1368 4506 huldigen‚
