<?xml version="1.0" encoding="UTF-8"?>
<!DOCTYPE html PUBLIC "-//W3C//DTD XHTML 1.0 Transitional//EN"
    "http://www.w3.org/TR/xhtml1/DTD/xhtml1-transitional.dtd">
<html xmlns="http://www.w3.org/1999/xhtml" xml:lang="en" lang="en">
 <head>
  <title>
</title>
<meta http-equiv="Content-Type" content="text/html;charset=utf-8" />
  <meta name='ocr-system' content='tesseract 3.04.00' />
  <meta name='ocr-capabilities' content='ocr_page ocr_carea ocr_par ocr_line ocrx_word'/>
</head>
<body>
  <div class='ocr_page' id='page_1' title='image "./mtulliiciceroni02goetgoog/mtulliiciceroni02goetgoog_0177.png"; bbox 0 0 2832 4870; ppageno 0'>
   <div class='ocr_carea' id='block_1_1' title="bbox 351 301 1208 376">
    <p class='ocr_par' dir='ltr' id='par_1_1' title="bbox 351 301 1208 376">
     <span class='ocr_line' id='line_1_1' title="bbox 351 301 1208 376; baseline 0.019 -22"><span class='ocrx_word' id='word_1_1' title='bbox 351 301 419 359; x_wconf 85' lang='lat' dir='ltr'>LlB.</span> <span class='ocrx_word' id='word_1_2' title='bbox 434 302 469 356; x_wconf 90' lang='lat' dir='ltr'>Il.</span> <span class='ocrx_word' id='word_1_3' title='bbox 485 301 561 358; x_wconf 82' lang='lat' dir='ltr'>OAP.</span> <span class='ocrx_word' id='word_1_4' title='bbox 577 309 690 359; x_wconf 73' lang='lat'>50—52.</span> <span class='ocrx_word' id='word_1_5' title='bbox 709 310 724 370; x_wconf 61' lang='grc' dir='ltr'><strong>ξ</strong></span> <span class='ocrx_word' id='word_1_6' title='bbox 741 311 888 361; x_wconf 77' lang='lat' dir='ltr'>leo-130.</span> <span class='ocrx_word' id='word_1_7' title='bbox 1145 311 1208 376; x_wconf 76' lang='grc'>167</span> 
     </span>
    </p>
   </div>
   <div class='ocr_carea' id='block_1_2' title="bbox 8 466 1268 3038">
    <p class='ocr_par' dir='ltr' id='par_1_2' title="bbox 8 466 1268 3038">
     <span class='ocr_line' id='line_1_2' title="bbox 27 466 1207 554; baseline 0.003 -23"><span class='ocrx_word' id='word_1_8' title='bbox 27 490 105 531; x_wconf 93' lang='lat' dir='ltr'>cum</span> <span class='ocrx_word' id='word_1_9' title='bbox 130 488 169 529; x_wconf 82' lang='lat' dir='ltr'>ex</span> <span class='ocrx_word' id='word_1_10' title='bbox 191 470 285 530; x_wconf 90' lang='lat' dir='ltr'>utero</span> <span class='ocrx_word' id='word_1_11' title='bbox 310 466 456 548; x_wconf 89' lang='lat' dir='ltr'>elapsum</span> <span class='ocrx_word' id='word_1_12' title='bbox 480 466 613 551; x_wconf 76' lang='lat' dir='ltr'>excidit,</span> <span class='ocrx_word' id='word_1_13' title='bbox 636 467 734 540; x_wconf 87' lang='lat' dir='ltr'>iniis</span> <span class='ocrx_word' id='word_1_14' title='bbox 759 467 993 551; x_wconf 88' lang='lat' dir='ltr'>animantibus,</span> <span class='ocrx_word' id='word_1_15' title='bbox 1017 491 1098 554; x_wconf 91' lang='lat' dir='ltr'>quae</span> <span class='ocrx_word' id='word_1_16' title='bbox 1122 470 1207 534; x_wconf 89' lang='lat' dir='ltr'>lacte</span> 
     </span>
     <span class='ocr_line' id='line_1_3' title="bbox 27 553 1206 643; baseline 0.002 -23"><span class='ocrx_word' id='word_1_17' title='bbox 27 556 177 638; x_wconf 91' lang='lat' dir='ltr'>aluntur,</span> <span class='ocrx_word' id='word_1_18' title='bbox 206 554 312 620; x_wconf 89' lang='lat' dir='ltr'>omnis</span> <span class='ocrx_word' id='word_1_19' title='bbox 335 553 403 618; x_wconf 91' lang='lat' dir='ltr'>fere</span> <span class='ocrx_word' id='word_1_20' title='bbox 427 555 518 619; x_wconf 91' lang='lat' dir='ltr'>cibus</span> <span class='ocrx_word' id='word_1_21' title='bbox 552 561 694 619; x_wconf 91' lang='lat' dir='ltr'>matrum</span> <span class='ocrx_word' id='word_1_22' title='bbox 726 557 901 622; x_wconf 78' lang='lat' dir='ltr'>lactescere</span> <span class='ocrx_word' id='word_1_23' title='bbox 932 557 1063 642; x_wconf 90' lang='lat' dir='ltr'>incipit,</span> <span class='ocrx_word' id='word_1_24' title='bbox 1096 580 1206 643; x_wconf 89' lang='lat' dir='ltr'>eaque,</span> 
     </span>
     <span class='ocr_line' id='line_1_4' title="bbox 27 643 1205 731; baseline 0.003 -23"><span class='ocrx_word' id='word_1_25' title='bbox 27 667 113 728; x_wconf 88' lang='lat' dir='ltr'>quae</span> <span class='ocrx_word' id='word_1_26' title='bbox 136 643 235 727; x_wconf 91' lang='lat' dir='ltr'>paulo</span> <span class='ocrx_word' id='word_1_27' title='bbox 254 647 330 707; x_wconf 89' lang='lat' dir='ltr'>ante</span> <span class='ocrx_word' id='word_1_28' title='bbox 343 647 422 707; x_wconf 89' lang='lat' dir='ltr'>nata</span> <span class='ocrx_word' id='word_1_29' title='bbox 441 647 530 727; x_wconf 93' lang='lat' dir='ltr'>sunt,</span> <span class='ocrx_word' id='word_1_30' title='bbox 554 644 623 709; x_wconf 88' lang='lat' dir='ltr'>sine</span> <span class='ocrx_word' id='word_1_31' title='bbox 638 646 797 731; x_wconf 89' lang='lat' dir='ltr'>magistro</span> <span class='ocrx_word' id='word_1_32' title='bbox 817 645 897 710; x_wconf 87' lang='lat' dir='ltr'>duce</span> <span class='ocrx_word' id='word_1_33' title='bbox 910 651 1028 710; x_wconf 88' lang='lat' dir='ltr'>natura</span> <span class='ocrx_word' id='word_1_34' title='bbox 1047 669 1205 711; x_wconf 89' lang='lat' dir='ltr'>mammas</span> 
     </span>
     <span class='ocr_line' id='line_1_5' title="bbox 27 732 1205 822; baseline 0.003 -26"><span class='ocrx_word' id='word_1_35' title='bbox 27 736 191 816; x_wconf 91' lang='lat' dir='ltr'>appetunt</span> <span class='ocrx_word' id='word_1_36' title='bbox 205 754 380 816; x_wconf 89' lang='lat' dir='ltr'>earumque</span> <span class='ocrx_word' id='word_1_37' title='bbox 394 732 544 797; x_wconf 90' lang='lat' dir='ltr'>ubertate</span> <span class='ocrx_word' id='word_1_38' title='bbox 563 738 759 798; x_wconf 88' lang='lat' dir='ltr'>saturantur.</span> <span class='ocrx_word' id='word_1_39' title='bbox 797 732 907 819; x_wconf 81' lang='lat' dir='ltr'>Atque</span> <span class='ocrx_word' id='word_1_40' title='bbox 926 740 963 799; x_wconf 92' lang='lat' dir='ltr'>ut</span> <span class='ocrx_word' id='word_1_41' title='bbox 977 735 1205 822; x_wconf 69' lang='lat' dir='ltr'><strong>intellegamus</strong></span> 
     </span>
     <span class='ocr_line' id='line_1_6' title="bbox 8 820 1206 909; baseline 0.003 -24"><span class='ocrx_word' id='word_1_42' title='bbox 8 859 9 872; x_wconf 73' lang='lat'>.</span> <span class='ocrx_word' id='word_1_43' title='bbox 26 821 114 885; x_wconf 91' lang='lat' dir='ltr'>nihil</span> <span class='ocrx_word' id='word_1_44' title='bbox 128 820 246 885; x_wconf 91' lang='lat' dir='ltr'>horum</span> <span class='ocrx_word' id='word_1_45' title='bbox 266 843 336 884; x_wconf 90' lang='lat' dir='ltr'>esse</span> <span class='ocrx_word' id='word_1_46' title='bbox 354 820 542 905; x_wconf 86' lang='lat' dir='ltr'>fortuitum,</span> <span class='ocrx_word' id='word_1_47' title='bbox 566 826 599 886; x_wconf 89' lang='lat' dir='ltr'>et</span> <span class='ocrx_word' id='word_1_48' title='bbox 617 821 698 887; x_wconf 88' lang='lat' dir='ltr'>haec</span> <span class='ocrx_word' id='word_1_49' title='bbox 717 822 826 887; x_wconf 89' lang='lat' dir='ltr'>omnia</span> <span class='ocrx_word' id='word_1_50' title='bbox 845 845 916 888; x_wconf 89' lang='lat' dir='ltr'>esse</span> <span class='ocrx_word' id='word_1_51' title='bbox 936 846 1035 908; x_wconf 89' lang='lat' dir='ltr'>opera</span> <span class='ocrx_word' id='word_1_52' title='bbox 1052 824 1206 909; x_wconf 79' lang='lat' dir='ltr'>providae</span> 
     </span>
     <span class='ocr_line' id='line_1_7' title="bbox 28 910 1206 998; baseline 0.003 -24"><span class='ocrx_word' id='word_1_53' title='bbox 28 910 239 993; x_wconf 88' lang='lat' dir='ltr'>sollertisque</span> <span class='ocrx_word' id='word_1_54' title='bbox 262 914 411 994; x_wconf 88' lang='lat' dir='ltr'>naturae,</span> <span class='ocrx_word' id='word_1_55' title='bbox 435 932 517 995; x_wconf 89' lang='lat' dir='ltr'>quae</span> <span class='ocrx_word' id='word_1_56' title='bbox 541 911 739 994; x_wconf 80' lang='lat' dir='ltr'>multiplices</span> <span class='ocrx_word' id='word_1_57' title='bbox 759 910 846 975; x_wconf 85' lang='lat' dir='ltr'>fetus</span> <span class='ocrx_word' id='word_1_58' title='bbox 866 918 1048 998; x_wconf 88' lang='lat' dir='ltr'>procreant,</span> <span class='ocrx_word' id='word_1_59' title='bbox 1071 917 1109 977; x_wconf 94' lang='lat' dir='ltr'>ut</span> <span class='ocrx_word' id='word_1_60' title='bbox 1124 936 1206 998; x_wconf 87' lang='lat' dir='ltr'>sues,</span> 
     </span>
     <span class='ocr_line' id='line_1_8' title="bbox 26 998 1206 1086; baseline 0.003 -23"><span class='ocrx_word' id='word_1_61' title='bbox 26 1003 63 1063; x_wconf 92' lang='lat' dir='ltr'>ut</span> <span class='ocrx_word' id='word_1_62' title='bbox 93 1021 205 1084; x_wconf 87' lang='lat' dir='ltr'>canes,</span> <span class='ocrx_word' id='word_1_63' title='bbox 237 998 278 1062; x_wconf 89' lang='lat' dir='ltr'>iis</span> <span class='ocrx_word' id='word_1_64' title='bbox 310 1021 524 1063; x_wconf 90' lang='lat' dir='ltr'>mammarum</span> <span class='ocrx_word' id='word_1_65' title='bbox 555 999 632 1064; x_wconf 90' lang='lat' dir='ltr'>data</span> <span class='ocrx_word' id='word_1_66' title='bbox 662 1005 712 1064; x_wconf 89' lang='lat' dir='ltr'>est</span> <span class='ocrx_word' id='word_1_67' title='bbox 742 1000 933 1085; x_wconf 70' lang='lat' dir='ltr'>multitudo,</span> <span class='ocrx_word' id='word_1_68' title='bbox 964 1024 1043 1086; x_wconf 89' lang='lat' dir='ltr'>quas</span> <span class='ocrx_word' id='word_1_69' title='bbox 1077 1002 1206 1066; x_wconf 88' lang='lat' dir='ltr'>easdem</span> 
     </span>
     <span class='ocr_line' id='line_1_9' title="bbox 25 1086 1267 1174; baseline 0.006 -23"><span class='ocrx_word' id='word_1_70' title='bbox 25 1110 150 1171; x_wconf 89' lang='lat' dir='ltr'>paucas</span> <span class='ocrx_word' id='word_1_71' title='bbox 174 1086 297 1151; x_wconf 88' lang='lat' dir='ltr'>habent</span> <span class='ocrx_word' id='word_1_72' title='bbox 320 1109 376 1150; x_wconf 88' lang='lat' dir='ltr'>eae</span> <span class='ocrx_word' id='word_1_73' title='bbox 400 1087 538 1171; x_wconf 90' lang='lat' dir='ltr'>bestiae,</span> <span class='ocrx_word' id='word_1_74' title='bbox 562 1110 644 1172; x_wconf 90' lang='lat' dir='ltr'>quae</span> <span class='ocrx_word' id='word_1_75' title='bbox 668 1111 771 1171; x_wconf 90' lang='lat' dir='ltr'>pauca</span> <span class='ocrx_word' id='word_1_76' title='bbox 794 1089 944 1174; x_wconf 87' lang='lat' dir='ltr'>gignunt.</span> <span class='ocrx_word' id='word_1_77' title='bbox 987 1089 1072 1164; x_wconf 84' lang='lat' dir='ltr'>Quid</span> <span class='ocrx_word' id='word_1_78' title='bbox 1091 1091 1267 1174; x_wconf 80' lang='lat' dir='ltr'>dicam,129</span> 
     </span>
     <span class='ocr_line' id='line_1_10' title="bbox 26 1176 1205 1263; baseline 0.003 -23"><span class='ocrx_word' id='word_1_79' title='bbox 26 1181 172 1261; x_wconf 89' lang='lat' dir='ltr'>quantus</span> <span class='ocrx_word' id='word_1_80' title='bbox 196 1198 288 1240; x_wconf 88' lang='lat' dir='ltr'>amor</span> <span class='ocrx_word' id='word_1_81' title='bbox 310 1176 492 1240; x_wconf 87' lang='lat' dir='ltr'>bestiarum</span> <span class='ocrx_word' id='word_1_82' title='bbox 516 1177 559 1240; x_wconf 92' lang='lat' dir='ltr'>sit</span> <span class='ocrx_word' id='word_1_83' title='bbox 582 1176 618 1241; x_wconf 91' lang='lat' dir='ltr'>in</span> <span class='ocrx_word' id='word_1_84' title='bbox 641 1177 813 1241; x_wconf 87' lang='lat' dir='ltr'>educandis</span> <span class='ocrx_word' id='word_1_85' title='bbox 843 1178 1127 1263; x_wconf 85' lang='lat' dir='ltr'>custodiendisque</span> <span class='ocrx_word' id='word_1_86' title='bbox 1155 1179 1205 1261; x_wconf 91' lang='lat' dir='ltr'>iis,</span> 
     </span>
     <span class='ocr_line' id='line_1_11' title="bbox 26 1266 1206 1351; baseline 0.003 -23"><span class='ocrx_word' id='word_1_87' title='bbox 26 1287 112 1350; x_wconf 91' lang='lat' dir='ltr'>quae</span> <span class='ocrx_word' id='word_1_88' title='bbox 135 1269 402 1349; x_wconf 87' lang='lat' dir='ltr'>procreaverunt,</span> <span class='ocrx_word' id='word_1_89' title='bbox 425 1287 528 1349; x_wconf 91' lang='lat' dir='ltr'>usque</span> <span class='ocrx_word' id='word_1_90' title='bbox 551 1266 592 1329; x_wconf 92' lang='lat' dir='ltr'>ad</span> <span class='ocrx_word' id='word_1_91' title='bbox 611 1288 684 1330; x_wconf 90' lang='lat' dir='ltr'>eum</span> <span class='ocrx_word' id='word_1_92' title='bbox 703 1267 814 1351; x_wconf 89' lang='lat' dir='ltr'>finem,</span> <span class='ocrx_word' id='word_1_93' title='bbox 838 1266 915 1330; x_wconf 97' lang='lat' dir='ltr'>dum</span> <span class='ocrx_word' id='word_1_94' title='bbox 933 1267 1062 1350; x_wconf 87' lang='lat' dir='ltr'>possint</span> <span class='ocrx_word' id='word_1_95' title='bbox 1081 1290 1115 1331; x_wconf 93' lang='lat' dir='ltr'>se</span> <span class='ocrx_word' id='word_1_96' title='bbox 1133 1267 1206 1350; x_wconf 89' lang='lat' dir='ltr'>ipsa</span> 
     </span>
     <span class='ocr_line' id='line_1_12' title="bbox 25 1353 1203 1441; baseline 0.002 -24"><span class='ocrx_word' id='word_1_97' title='bbox 25 1353 223 1418; x_wconf 82' lang='lat' dir='ltr'>defendere?</span> <span class='ocrx_word' id='word_1_98' title='bbox 248 1353 311 1417; x_wconf 89' lang='lat' dir='ltr'>etsi</span> <span class='ocrx_word' id='word_1_99' title='bbox 339 1353 458 1437; x_wconf 83' lang='lat' dir='ltr'>pisces,</span> <span class='ocrx_word' id='word_1_100' title='bbox 486 1359 523 1418; x_wconf 91' lang='lat' dir='ltr'>ut</span> <span class='ocrx_word' id='word_1_101' title='bbox 551 1353 656 1439; x_wconf 89' lang='lat' dir='ltr'>aiunt,</span> <span class='ocrx_word' id='word_1_102' title='bbox 685 1377 745 1420; x_wconf 88' lang='lat' dir='ltr'>ova</span> <span class='ocrx_word' id='word_1_103' title='bbox 776 1378 849 1420; x_wconf 92' lang='lat' dir='ltr'>cum</span> <span class='ocrx_word' id='word_1_104' title='bbox 879 1361 1074 1441; x_wconf 86' lang='lat' dir='ltr'>genuenmt,</span> <span class='ocrx_word' id='word_1_105' title='bbox 1106 1356 1203 1420; x_wconf 91' lang='lat' dir='ltr'>relin-</span> 
     </span>
     <span class='ocr_line' id='line_1_13' title="bbox 25 1441 1204 1527; baseline 0.003 -21"><span class='ocrx_word' id='word_1_106' title='bbox 25 1446 148 1527; x_wconf 72' lang='lat' dir='ltr'>quunt,</span> <span class='ocrx_word' id='word_1_107' title='bbox 171 1441 267 1507; x_wconf 87' lang='lat' dir='ltr'>facile</span> <span class='ocrx_word' id='word_1_108' title='bbox 292 1442 378 1506; x_wconf 91' lang='lat' dir='ltr'>enim</span> <span class='ocrx_word' id='word_1_109' title='bbox 401 1443 459 1506; x_wconf 92' lang='lat' dir='ltr'>illa</span> <span class='ocrx_word' id='word_1_110' title='bbox 481 1465 566 1527; x_wconf 88' lang='lat' dir='ltr'>aqua</span> <span class='ocrx_word' id='word_1_111' title='bbox 589 1447 622 1507; x_wconf 92' lang='lat' dir='ltr'>et</span> <span class='ocrx_word' id='word_1_112' title='bbox 646 1444 849 1508; x_wconf 88' lang='lat' dir='ltr'>sustinentur</span> <span class='ocrx_word' id='word_1_113' title='bbox 873 1450 906 1508; x_wconf 91' lang='lat' dir='ltr'>et</span> <span class='ocrx_word' id='word_1_114' title='bbox 928 1444 1032 1508; x_wconf 87' lang='lat' dir='ltr'>fetum</span> <span class='ocrx_word' id='word_1_115' title='bbox 1055 1444 1204 1509; x_wconf 92' lang='lat' dir='ltr'>fundunt.</span> 
     </span>
     <span class='ocr_line' id='line_1_14' title="bbox 24 1531 1268 1618; baseline 0.003 -24"><span class='ocrx_word' id='word_1_116' title='bbox 24 1531 223 1596; x_wconf 85' lang='lat' dir='ltr'>Testudines</span> <span class='ocrx_word' id='word_1_117' title='bbox 248 1535 358 1596; x_wconf 88' lang='lat' dir='ltr'>autem</span> <span class='ocrx_word' id='word_1_118' title='bbox 382 1535 415 1596; x_wconf 91' lang='lat' dir='ltr'>et</span> <span class='ocrx_word' id='word_1_119' title='bbox 439 1531 619 1596; x_wconf 88' lang='lat' dir='ltr'>crocodilos</span> <span class='ocrx_word' id='word_1_120' title='bbox 643 1532 768 1617; x_wconf 90' lang='lat' dir='ltr'>dicunt,</span> <span class='ocrx_word' id='word_1_121' title='bbox 799 1555 873 1597; x_wconf 92' lang='lat' dir='ltr'>cum</span> <span class='ocrx_word' id='word_1_122' title='bbox 895 1533 931 1596; x_wconf 91' lang='lat' dir='ltr'>in</span> <span class='ocrx_word' id='word_1_123' title='bbox 958 1536 1046 1598; x_wconf 87' lang='lat' dir='ltr'>terra</span> <span class='ocrx_word' id='word_1_124' title='bbox 1073 1539 1205 1618; x_wconf 90' lang='lat' dir='ltr'>partum</span> <span class='ocrx_word' id='word_1_125' title='bbox 1225 1541 1268 1605; x_wconf 83' lang='lat'>52</span> 
     </span>
     <span class='ocr_line' id='line_1_15' title="bbox 24 1620 1205 1708; baseline 0.003 -24"><span class='ocrx_word' id='word_1_126' title='bbox 24 1620 202 1705; x_wconf 79' lang='lat' dir='ltr'>ediderint,</span> <span class='ocrx_word' id='word_1_127' title='bbox 226 1621 363 1685; x_wconf 87' lang='lat' dir='ltr'>obruere</span> <span class='ocrx_word' id='word_1_128' title='bbox 387 1642 461 1704; x_wconf 86' lang='lat' dir='ltr'>ova,</span> <span class='ocrx_word' id='word_1_129' title='bbox 489 1620 602 1685; x_wconf 90' lang='lat' dir='ltr'>deinde</span> <span class='ocrx_word' id='word_1_130' title='bbox 626 1621 802 1708; x_wconf 70' lang='lat' dir='ltr'>discedere,</span> <span class='ocrx_word' id='word_1_131' title='bbox 825 1623 874 1686; x_wconf 88' lang='lat' dir='ltr'>ita</span> <span class='ocrx_word' id='word_1_132' title='bbox 903 1626 936 1687; x_wconf 93' lang='lat' dir='ltr'>et</span> <span class='ocrx_word' id='word_1_133' title='bbox 963 1627 1142 1687; x_wconf 86' lang='lat' dir='ltr'>nascuntur</span> <span class='ocrx_word' id='word_1_134' title='bbox 1173 1627 1205 1688; x_wconf 90' lang='lat' dir='ltr'>et</span> 
     </span>
     <span class='ocr_line' id='line_1_16' title="bbox 26 1708 1205 1796; baseline 0.002 -22"><span class='ocrx_word' id='word_1_135' title='bbox 26 1710 210 1774; x_wconf 89' lang='lat' dir='ltr'>educantur</span> <span class='ocrx_word' id='word_1_136' title='bbox 239 1709 311 1792; x_wconf 88' lang='lat' dir='ltr'>ipsa</span> <span class='ocrx_word' id='word_1_137' title='bbox 341 1731 400 1793; x_wconf 89' lang='lat' dir='ltr'>per</span> <span class='ocrx_word' id='word_1_138' title='bbox 430 1731 509 1774; x_wconf 91' lang='lat' dir='ltr'>sese.</span> <span class='ocrx_word' id='word_1_139' title='bbox 555 1708 625 1774; x_wconf 91' lang='lat' dir='ltr'>Iam</span> <span class='ocrx_word' id='word_1_140' title='bbox 657 1710 797 1796; x_wconf 83' lang='lat' dir='ltr'>gallinae</span> <span class='ocrx_word' id='word_1_141' title='bbox 828 1733 968 1795; x_wconf 86' lang='lat' dir='ltr'>avesque</span> <span class='ocrx_word' id='word_1_142' title='bbox 998 1712 1141 1796; x_wconf 90' lang='lat' dir='ltr'>reliquae</span> <span class='ocrx_word' id='word_1_143' title='bbox 1173 1717 1205 1776; x_wconf 90' lang='lat' dir='ltr'>et</span> 
     </span>
     <span class='ocr_line' id='line_1_17' title="bbox 24 1797 1204 1884; baseline 0.001 -21"><span class='ocrx_word' id='word_1_144' title='bbox 24 1800 178 1884; x_wconf 88' lang='lat' dir='ltr'>quietum</span> <span class='ocrx_word' id='word_1_145' title='bbox 200 1797 372 1883; x_wconf 90' lang='lat' dir='ltr'>requirunt</span> <span class='ocrx_word' id='word_1_146' title='bbox 395 1797 435 1862; x_wconf 89' lang='lat' dir='ltr'>ad</span> <span class='ocrx_word' id='word_1_147' title='bbox 458 1799 649 1883; x_wconf 89' lang='lat' dir='ltr'>pariendum</span> <span class='ocrx_word' id='word_1_148' title='bbox 672 1799 780 1863; x_wconf 92' lang='lat' dir='ltr'>locum</span> <span class='ocrx_word' id='word_1_149' title='bbox 804 1803 837 1863; x_wconf 90' lang='lat' dir='ltr'>et</span> <span class='ocrx_word' id='word_1_150' title='bbox 861 1799 981 1864; x_wconf 89' lang='lat' dir='ltr'>cubilia</span> <span class='ocrx_word' id='word_1_151' title='bbox 1009 1800 1072 1863; x_wconf 92' lang='lat' dir='ltr'>sibi</span> <span class='ocrx_word' id='word_1_152' title='bbox 1094 1800 1204 1864; x_wconf 88' lang='lat' dir='ltr'>nidos-</span> 
     </span>
     <span class='ocr_line' id='line_1_18' title="bbox 24 1887 1204 1972; baseline -0.001 -20"><span class='ocrx_word' id='word_1_153' title='bbox 24 1911 87 1972; x_wconf 90' lang='lat' dir='ltr'>que</span> <span class='ocrx_word' id='word_1_154' title='bbox 115 1891 311 1952; x_wconf 88' lang='lat' dir='ltr'>construunt</span> <span class='ocrx_word' id='word_1_155' title='bbox 334 1909 453 1972; x_wconf 89' lang='lat' dir='ltr'>eosque</span> <span class='ocrx_word' id='word_1_156' title='bbox 477 1910 575 1972; x_wconf 92' lang='lat' dir='ltr'>quam</span> <span class='ocrx_word' id='word_1_157' title='bbox 598 1892 738 1972; x_wconf 86' lang='lat' dir='ltr'>possunt</span> <span class='ocrx_word' id='word_1_158' title='bbox 760 1887 953 1952; x_wconf 89' lang='lat' dir='ltr'>mollissime</span> <span class='ocrx_word' id='word_1_159' title='bbox 982 1889 1204 1972; x_wconf 90' lang='lat' dir='ltr'>substernunt,</span> 
     </span>
     <span class='ocr_line' id='line_1_19' title="bbox 22 1974 1205 2062; baseline -0.002 -21"><span class='ocrx_word' id='word_1_160' title='bbox 22 1983 60 2041; x_wconf 93' lang='lat' dir='ltr'>ut</span> <span class='ocrx_word' id='word_1_161' title='bbox 86 1999 187 2062; x_wconf 86' lang='lat' dir='ltr'>quam</span> <span class='ocrx_word' id='word_1_162' title='bbox 216 1974 371 2040; x_wconf 84' lang='lat' dir='ltr'>facillime</span> <span class='ocrx_word' id='word_1_163' title='bbox 402 1999 463 2040; x_wconf 88' lang='lat' dir='ltr'>ova</span> <span class='ocrx_word' id='word_1_164' title='bbox 495 1980 677 2060; x_wconf 71' lang='lat' dir='ltr'>serventur,</span> <span class='ocrx_word' id='word_1_165' title='bbox 709 1999 725 2040; x_wconf 91' lang='lat' dir='ltr'>e</span> <span class='ocrx_word' id='word_1_166' title='bbox 759 1976 876 2060; x_wconf 89' lang='lat' dir='ltr'>quibus</span> <span class='ocrx_word' id='word_1_167' title='bbox 909 1976 1016 2060; x_wconf 92' lang='lat' dir='ltr'>pullos</span> <span class='ocrx_word' id='word_1_168' title='bbox 1050 1998 1123 2040; x_wconf 91' lang='lat' dir='ltr'>cum</span> <span class='ocrx_word' id='word_1_169' title='bbox 1154 1999 1205 2040; x_wconf 85' lang='lat' dir='ltr'>ex-</span> 
     </span>
     <span class='ocr_line' id='line_1_20' title="bbox 23 2063 1205 2150; baseline -0.001 -20"><span class='ocrx_word' id='word_1_170' title='bbox 23 2067 201 2149; x_wconf 83' lang='lat' dir='ltr'>cuderunt,</span> <span class='ocrx_word' id='word_1_171' title='bbox 223 2064 271 2128; x_wconf 91' lang='lat' dir='ltr'>ita</span> <span class='ocrx_word' id='word_1_172' title='bbox 299 2069 445 2149; x_wconf 90' lang='lat' dir='ltr'>tuentur,</span> <span class='ocrx_word' id='word_1_173' title='bbox 473 2069 511 2129; x_wconf 92' lang='lat' dir='ltr'>ut</span> <span class='ocrx_word' id='word_1_174' title='bbox 543 2070 576 2129; x_wconf 89' lang='lat' dir='ltr'>et</span> <span class='ocrx_word' id='word_1_175' title='bbox 605 2065 715 2149; x_wconf 89' lang='lat' dir='ltr'>pinnis</span> <span class='ocrx_word' id='word_1_176' title='bbox 745 2064 887 2150; x_wconf 82' lang='lat' dir='ltr'>foveant,</span> <span class='ocrx_word' id='word_1_177' title='bbox 916 2087 957 2128; x_wconf 91' lang='lat' dir='ltr'>ne</span> <span class='ocrx_word' id='word_1_178' title='bbox 986 2063 1110 2150; x_wconf 84' lang='lat' dir='ltr'>frigore</span> <span class='ocrx_word' id='word_1_179' title='bbox 1142 2065 1205 2129; x_wconf 90' lang='lat' dir='ltr'>lae·</span> 
     </span>
     <span class='ocr_line' id='line_1_21' title="bbox 24 2149 1204 2239; baseline -0.001 -20"><span class='ocrx_word' id='word_1_180' title='bbox 24 2156 162 2238; x_wconf 89' lang='lat' dir='ltr'>dantur,</span> <span class='ocrx_word' id='word_1_181' title='bbox 186 2158 232 2237; x_wconf 91' lang='lat' dir='ltr'>et,</span> <span class='ocrx_word' id='word_1_182' title='bbox 256 2153 285 2218; x_wconf 89' lang='lat' dir='ltr'>si</span> <span class='ocrx_word' id='word_1_183' title='bbox 308 2158 359 2217; x_wconf 87' lang='lat' dir='ltr'>est</span> <span class='ocrx_word' id='word_1_184' title='bbox 383 2155 471 2218; x_wconf 89' lang='lat' dir='ltr'>calor</span> <span class='ocrx_word' id='word_1_185' title='bbox 489 2177 509 2218; x_wconf 91' lang='lat' dir='ltr'>a</span> <span class='ocrx_word' id='word_1_186' title='bbox 523 2155 604 2239; x_wconf 88' lang='lat' dir='ltr'>sole,</span> <span class='ocrx_word' id='word_1_187' title='bbox 628 2177 662 2218; x_wconf 89' lang='lat' dir='ltr'>se</span> <span class='ocrx_word' id='word_1_188' title='bbox 678 2157 855 2239; x_wconf 86' lang='lat' dir='ltr'>opponant.</span> <span class='ocrx_word' id='word_1_189' title='bbox 897 2149 979 2218; x_wconf 73' lang='lat' dir='ltr'>Cum</span> <span class='ocrx_word' id='word_1_190' title='bbox 998 2157 1108 2217; x_wconf 88' lang='lat' dir='ltr'>autem</span> <span class='ocrx_word' id='word_1_191' title='bbox 1122 2154 1204 2237; x_wconf 91' lang='lat' dir='ltr'>pulli</span> 
     </span>
     <span class='ocr_line' id='line_1_22' title="bbox 21 2243 1203 2328; baseline -0.002 -20"><span class='ocrx_word' id='word_1_192' title='bbox 21 2243 173 2328; x_wconf 90' lang='lat' dir='ltr'>pinnulis</span> <span class='ocrx_word' id='word_1_193' title='bbox 196 2243 247 2306; x_wconf 95' lang='lat' dir='ltr'>uti</span> <span class='ocrx_word' id='word_1_194' title='bbox 269 2247 421 2326; x_wconf 86' lang='lat' dir='ltr'>possunt,</span> <span class='ocrx_word' id='word_1_195' title='bbox 445 2247 517 2318; x_wconf 83' lang='lat' dir='ltr'>turn</span> <span class='ocrx_word' id='word_1_196' title='bbox 530 2244 659 2308; x_wconf 82' lang='lat' dir='ltr'>volatus</span> <span class='ocrx_word' id='word_1_197' title='bbox 680 2265 793 2308; x_wconf 89' lang='lat' dir='ltr'>corum</span> <span class='ocrx_word' id='word_1_198' title='bbox 812 2247 933 2307; x_wconf 88' lang='lat' dir='ltr'>matres</span> <span class='ocrx_word' id='word_1_199' title='bbox 952 2247 1203 2327; x_wconf 87' lang='lat' dir='ltr'>prosequuntur,</span> 
     </span>
     <span class='ocr_line' id='line_1_23' title="bbox 21 2329 1265 2418; baseline 0.002 -22"><span class='ocrx_word' id='word_1_200' title='bbox 21 2333 155 2418; x_wconf 86' lang='lat' dir='ltr'>reliqua</span> <span class='ocrx_word' id='word_1_201' title='bbox 178 2353 255 2396; x_wconf 87' lang='lat' dir='ltr'>cura</span> <span class='ocrx_word' id='word_1_202' title='bbox 278 2331 468 2396; x_wconf 90' lang='lat' dir='ltr'>liberantur.</span> <span class='ocrx_word' id='word_1_203' title='bbox 505 2329 641 2396; x_wconf 81' lang='lat' dir='ltr'>Accedit</span> <span class='ocrx_word' id='word_1_204' title='bbox 660 2332 700 2396; x_wconf 90' lang='lat' dir='ltr'>ad</span> <span class='ocrx_word' id='word_1_205' title='bbox 718 2354 786 2397; x_wconf 92' lang='lat' dir='ltr'>non</span> <span class='ocrx_word' id='word_1_206' title='bbox 803 2333 968 2396; x_wconf 88' lang='lat' dir='ltr'>nullorum</span> <span class='ocrx_word' id='word_1_207' title='bbox 987 2331 1203 2396; x_wconf 89' lang='lat' dir='ltr'>animantium</span> <span class='ocrx_word' id='word_1_208' title='bbox 1215 2349 1265 2398; x_wconf 84' lang='lat'>130</span> 
     </span>
     <span class='ocr_line' id='line_1_24' title="bbox 21 2421 1201 2507; baseline -0.002 -21"><span class='ocrx_word' id='word_1_209' title='bbox 21 2428 55 2486; x_wconf 89' lang='lat' dir='ltr'>et</span> <span class='ocrx_word' id='word_1_210' title='bbox 81 2443 196 2486; x_wconf 87' lang='lat' dir='ltr'>earum</span> <span class='ocrx_word' id='word_1_211' title='bbox 214 2442 337 2506; x_wconf 90' lang='lat' dir='ltr'>rerum,</span> <span class='ocrx_word' id='word_1_212' title='bbox 361 2442 441 2504; x_wconf 88' lang='lat' dir='ltr'>quas</span> <span class='ocrx_word' id='word_1_213' title='bbox 461 2424 549 2485; x_wconf 86' lang='lat' dir='ltr'>terra</span> <span class='ocrx_word' id='word_1_214' title='bbox 568 2421 688 2507; x_wconf 83' lang='lat' dir='ltr'>gignit,</span> <span class='ocrx_word' id='word_1_215' title='bbox 713 2421 992 2486; x_wconf 84' lang='lat' dir='ltr'>conservationem</span> <span class='ocrx_word' id='word_1_216' title='bbox 1011 2426 1044 2485; x_wconf 89' lang='lat' dir='ltr'>et</span> <span class='ocrx_word' id='word_1_217' title='bbox 1063 2421 1201 2486; x_wconf 91' lang='lat' dir='ltr'>salutem</span> 
     </span>
     <span class='ocr_line' id='line_1_25' title="bbox 20 2509 1201 2596; baseline 0 -22"><span class='ocrx_word' id='word_1_218' title='bbox 20 2511 197 2576; x_wconf 90' lang='lat' dir='ltr'>hominum</span> <span class='ocrx_word' id='word_1_219' title='bbox 221 2509 321 2574; x_wconf 87' lang='lat' dir='ltr'>etiam</span> <span class='ocrx_word' id='word_1_220' title='bbox 345 2509 492 2573; x_wconf 88' lang='lat' dir='ltr'>sollertia</span> <span class='ocrx_word' id='word_1_221' title='bbox 510 2513 544 2573; x_wconf 91' lang='lat' dir='ltr'>et</span> <span class='ocrx_word' id='word_1_222' title='bbox 562 2510 742 2596; x_wconf 86' lang='lat' dir='ltr'>diligentia.</span> <span class='ocrx_word' id='word_1_223' title='bbox 774 2509 861 2574; x_wconf 91' lang='lat' dir='ltr'>Nam</span> <span class='ocrx_word' id='word_1_224' title='bbox 879 2511 1001 2574; x_wconf 89' lang='lat' dir='ltr'>multae</span> <span class='ocrx_word' id='word_1_225' title='bbox 1016 2514 1050 2573; x_wconf 91' lang='lat' dir='ltr'>et</span> <span class='ocrx_word' id='word_1_226' title='bbox 1062 2509 1201 2593; x_wconf 91' lang='lat' dir='ltr'>pecudes</span> 
     </span>
     <span class='ocr_line' id='line_1_26' title="bbox 22 2598 1202 2683; baseline -0.002 -19"><span class='ocrx_word' id='word_1_227' title='bbox 22 2604 57 2664; x_wconf 89' lang='lat' dir='ltr'>et</span> <span class='ocrx_word' id='word_1_228' title='bbox 83 2599 206 2682; x_wconf 88' lang='lat' dir='ltr'>stirpes</span> <span class='ocrx_word' id='word_1_229' title='bbox 226 2601 317 2680; x_wconf 90' lang='lat' dir='ltr'>sunt,</span> <span class='ocrx_word' id='word_1_230' title='bbox 341 2618 423 2683; x_wconf 89' lang='lat' dir='ltr'>quae</span> <span class='ocrx_word' id='word_1_231' title='bbox 447 2598 517 2662; x_wconf 88' lang='lat' dir='ltr'>sine</span> <span class='ocrx_word' id='word_1_232' title='bbox 540 2598 769 2682; x_wconf 86' lang='lat' dir='ltr'>procuratione</span> <span class='ocrx_word' id='word_1_233' title='bbox 796 2599 966 2663; x_wconf 89' lang='lat' dir='ltr'>hominum</span> <span class='ocrx_word' id='word_1_234' title='bbox 995 2598 1103 2662; x_wconf 87' lang='lat' dir='ltr'>salvae</span> <span class='ocrx_word' id='word_1_235' title='bbox 1131 2621 1202 2662; x_wconf 88' lang='lat' dir='ltr'>esse</span> 
     </span>
     <span class='ocr_line' id='line_1_27' title="bbox 19 2686 1202 2773; baseline -0.003 -21"><span class='ocrx_word' id='word_1_236' title='bbox 19 2712 92 2753; x_wconf 91' lang='lat' dir='ltr'>non</span> <span class='ocrx_word' id='word_1_237' title='bbox 115 2691 264 2772; x_wconf 86' lang='lat' dir='ltr'>possunt.</span> <span class='ocrx_word' id='word_1_238' title='bbox 310 2686 450 2773; x_wconf 88' lang='lat' dir='ltr'>Magnae</span> <span class='ocrx_word' id='word_1_239' title='bbox 474 2687 573 2752; x_wconf 88' lang='lat' dir='ltr'>etiam</span> <span class='ocrx_word' id='word_1_240' title='bbox 597 2688 859 2772; x_wconf 90' lang='lat' dir='ltr'>opportunitates</span> <span class='ocrx_word' id='word_1_241' title='bbox 883 2688 924 2750; x_wconf 87' lang='lat' dir='ltr'>ad</span> <span class='ocrx_word' id='word_1_242' title='bbox 952 2686 1076 2751; x_wconf 89' lang='lat' dir='ltr'>cultum</span> <span class='ocrx_word' id='word_1_243' title='bbox 1099 2686 1202 2750; x_wconf 91' lang='lat' dir='ltr'>homi-</span> 
     </span>
     <span class='ocr_line' id='line_1_28' title="bbox 18 2774 1201 2860; baseline -0.003 -18"><span class='ocrx_word' id='word_1_244' title='bbox 18 2800 105 2842; x_wconf 93' lang='lat' dir='ltr'>num</span> <span class='ocrx_word' id='word_1_245' title='bbox 142 2779 241 2860; x_wconf 91' lang='lat' dir='ltr'>atque</span> <span class='ocrx_word' id='word_1_246' title='bbox 282 2775 516 2840; x_wconf 85' lang='lat' dir='ltr'>abundantiam</span> <span class='ocrx_word' id='word_1_247' title='bbox 557 2776 639 2840; x_wconf 87' lang='lat' dir='ltr'>aliae</span> <span class='ocrx_word' id='word_1_248' title='bbox 681 2776 754 2840; x_wconf 88' lang='lat' dir='ltr'>aliis</span> <span class='ocrx_word' id='word_1_249' title='bbox 795 2776 830 2840; x_wconf 91' lang='lat' dir='ltr'>in</span> <span class='ocrx_word' id='word_1_250' title='bbox 866 2775 946 2840; x_wconf 85' lang='lat' dir='ltr'>locis</span> <span class='ocrx_word' id='word_1_251' title='bbox 987 2774 1201 2859; x_wconf 88' lang='lat' dir='ltr'>reperiuntur.</span> 
     </span>
     <span class='ocr_line' id='line_1_29' title="bbox 18 2863 1203 2952; baseline -0.002 -22"><span class='ocrx_word' id='word_1_252' title='bbox 18 2867 218 2952; x_wconf 88' lang='lat' dir='ltr'>Aegyptum</span> <span class='ocrx_word' id='word_1_253' title='bbox 241 2863 337 2929; x_wconf 91' lang='lat' dir='ltr'>Nilus</span> <span class='ocrx_word' id='word_1_254' title='bbox 361 2864 479 2951; x_wconf 88' lang='lat' dir='ltr'>irrigat</span> <span class='ocrx_word' id='word_1_255' title='bbox 502 2869 549 2948; x_wconf 90' lang='lat' dir='ltr'>et,</span> <span class='ocrx_word' id='word_1_256' title='bbox 573 2888 646 2930; x_wconf 92' lang='lat' dir='ltr'>cum</span> <span class='ocrx_word' id='word_1_257' title='bbox 670 2869 741 2929; x_wconf 87' lang='lat' dir='ltr'>tota</span> <span class='ocrx_word' id='word_1_258' title='bbox 764 2868 889 2928; x_wconf 86' lang='lat' dir='ltr'>aestate</span> <span class='ocrx_word' id='word_1_259' title='bbox 918 2864 1070 2928; x_wconf 90' lang='lat' dir='ltr'>obrutam</span> <span class='ocrx_word' id='word_1_260' title='bbox 1094 2864 1203 2948; x_wconf 90' lang='lat' dir='ltr'>opple·</span> 
     </span>
     <span class='ocr_line' id='line_1_30' title="bbox 18 2953 1201 3038; baseline -0.003 -18"><span class='ocrx_word' id='word_1_261' title='bbox 18 2960 160 3038; x_wconf 90' lang='lat' dir='ltr'>tamque</span> <span class='ocrx_word' id='word_1_262' title='bbox 188 2953 307 3038; x_wconf 89' lang='lat' dir='ltr'>tenuit,</span> <span class='ocrx_word' id='word_1_263' title='bbox 337 2957 409 3017; x_wconf 89' lang='lat' dir='ltr'>tum</span> <span class='ocrx_word' id='word_1_264' title='bbox 441 2954 563 3018; x_wconf 90' lang='lat' dir='ltr'>recedit</span> <span class='ocrx_word' id='word_1_265' title='bbox 592 2953 802 3037; x_wconf 89' lang='lat' dir='ltr'>mollitosque</span> <span class='ocrx_word' id='word_1_266' title='bbox 833 2957 865 3017; x_wconf 91' lang='lat' dir='ltr'>et</span> <span class='ocrx_word' id='word_1_267' title='bbox 896 2953 1070 3017; x_wconf 88' lang='lat' dir='ltr'>oblimatos</span> <span class='ocrx_word' id='word_1_268' title='bbox 1104 2975 1201 3038; x_wconf 89' lang='lat' dir='ltr'>agros</span> 
     </span>
    </p>
   </div>
   <div class='ocr_carea' id='block_1_3' title="bbox 14 3126 1203 4549">
    <p class='ocr_par' dir='ltr' id='par_1_3' title="bbox 14 3126 1203 4549">
     <span class='ocr_line' id='line_1_31' title="bbox 20 3126 1203 3198; baseline -0.002 -14"><span class='ocrx_word' id='word_1_269' title='bbox 20 3131 109 3184; x_wconf 84' lang='lat' dir='ltr'>Same</span> <span class='ocrx_word' id='word_1_270' title='bbox 128 3126 207 3197; x_wconf 86' lang='lat' dir='ltr'>rings</span> <span class='ocrx_word' id='word_1_271' title='bbox 226 3144 282 3182; x_wconf 88' lang='lat' dir='ltr'>von</span> <span class='ocrx_word' id='word_1_272' title='bbox 297 3127 519 3198; x_wconf 85' lang='lat' dir='ltr'>Nahrungsstoff</span> <span class='ocrx_word' id='word_1_273' title='bbox 530 3127 588 3182; x_wconf 91' lang='lat' dir='ltr'>ein·</span> <span class='ocrx_word' id='word_1_274' title='bbox 643 3126 768 3181; x_wconf 87' lang='lat' dir='ltr'>danken:</span> <span class='ocrx_word' id='word_1_275' title='bbox 787 3126 896 3181; x_wconf 87' lang='lat' dir='ltr'>Jedoch</span> <span class='ocrx_word' id='word_1_276' title='bbox 922 3128 973 3180; x_wconf 87' lang='lat' dir='ltr'>des</span> <span class='ocrx_word' id='word_1_277' title='bbox 997 3127 1105 3197; x_wconf 88' lang='lat' dir='ltr'>spricht</span> <span class='ocrx_word' id='word_1_278' title='bbox 1122 3127 1203 3182; x_wconf 87' lang='lat' dir='ltr'>nicht</span> 
     </span>
     <span class='ocr_line' id='line_1_32' title="bbox 15 3198 1060 3272; baseline -0.002 -16"><span class='ocrx_word' id='word_1_279' title='bbox 15 3199 209 3272; x_wconf 86' lang='lat' dir='ltr'>geschlossen</span> <span class='ocrx_word' id='word_1_280' title='bbox 228 3199 273 3264; x_wconf 89' lang='lat' dir='ltr'>ist,</span> <span class='ocrx_word' id='word_1_281' title='bbox 292 3198 385 3253; x_wconf 88' lang='lat' dir='ltr'>bildet</span> <span class='ocrx_word' id='word_1_282' title='bbox 403 3215 433 3253; x_wconf 90' lang='lat' dir='ltr'>er</span> <span class='ocrx_word' id='word_1_283' title='bbox 456 3215 507 3253; x_wconf 82' lang='lat' dir='ltr'>ans</span> <span class='ocrx_word' id='word_1_284' title='bbox 528 3199 587 3253; x_wconf 89' lang='lat' dir='ltr'>sich</span> <span class='ocrx_word' id='word_1_285' title='bbox 642 3215 735 3268; x_wconf 82' lang='lat' dir='ltr'>gagen</span> <span class='ocrx_word' id='word_1_286' title='bbox 752 3199 844 3252; x_wconf 90' lang='lat' dir='ltr'>meine</span> <span class='ocrx_word' id='word_1_287' title='bbox 863 3198 1060 3269; x_wconf 82' lang='lat' dir='ltr'>Behauptung.</span> 
     </span>
     <span class='ocr_line' id='line_1_33' title="bbox 18 3269 1203 3339; baseline -0.001 -12"><span class='ocrx_word' id='word_1_288' title='bbox 18 3273 128 3327; x_wconf 84' lang='lat' dir='ltr'>heraus</span> <span class='ocrx_word' id='word_1_289' title='bbox 148 3270 198 3324; x_wconf 86' lang='lat' dir='ltr'>das</span> <span class='ocrx_word' id='word_1_290' title='bbox 216 3269 368 3339; x_wconf 77' lang='lat' dir='ltr'>Geschdpl.</span> <span class='ocrx_word' id='word_1_291' title='bbox 680 3277 721 3324; x_wconf 91' lang='lat'>12.</span> <span class='ocrx_word' id='word_1_292' title='bbox 741 3287 814 3338; x_wconf 83' lang='lat' dir='ltr'>aqua</span> <span class='ocrx_word' id='word_1_293' title='bbox 832 3271 935 3339; x_wconf 77' lang='lat' dir='ltr'>gehdrt</span> <span class='ocrx_word' id='word_1_294' title='bbox 960 3272 1033 3324; x_wconf 86' lang='lat' dir='ltr'>auch</span> <span class='ocrx_word' id='word_1_295' title='bbox 1059 3288 1092 3323; x_wconf 86' lang='lat' dir='ltr'>zu</span> <span class='ocrx_word' id='word_1_296' title='bbox 1116 3271 1203 3338; x_wconf 81' lang='lat' dir='ltr'>fetum</span> 
     </span>
     <span class='ocr_line' id='line_1_34' title="bbox 59 3340 1203 3410; baseline -0.003 -13"><span class='ocrx_word' id='word_1_297' title='bbox 59 3351 84 3397; x_wconf 93' lang='lat'>1.</span> <span class='ocrx_word' id='word_1_298' title='bbox 106 3343 228 3410; x_wconf 85' lang='lat' dir='ltr'>elapsum</span> <span class='ocrx_word' id='word_1_299' title='bbox 242 3343 351 3396; x_wconf 78' lang='lat' dir='ltr'>excidit.</span> <span class='ocrx_word' id='word_1_300' title='bbox 370 3341 434 3410; x_wconf 84' lang='lat' dir='ltr'>Vgl.</span> <span class='ocrx_word' id='word_1_301' title='bbox 450 3341 496 3396; x_wconf 86' lang='lat' dir='ltr'>oll.</span> <span class='ocrx_word' id='word_1_302' title='bbox 507 3342 527 3409; x_wconf 88' lang='lat'>1,</span> <span class='ocrx_word' id='word_1_303' title='bbox 540 3348 587 3396; x_wconf 79' lang='lat'>77:</span> <span class='ocrx_word' id='word_1_304' title='bbox 640 3342 775 3409; x_wconf 78' lang='lat' dir='ltr'>fundunt,</span> <span class='ocrx_word' id='word_1_305' title='bbox 795 3341 832 3394; x_wconf 88' lang='lat' dir='ltr'>de</span> <span class='ocrx_word' id='word_1_306' title='bbox 851 3344 908 3395; x_wconf 88' lang='lat' dir='ltr'>erst</span> <span class='ocrx_word' id='word_1_307' title='bbox 922 3342 1011 3395; x_wconf 85' lang='lat' dir='ltr'>durch</span> <span class='ocrx_word' id='word_1_308' title='bbox 1025 3341 1074 3395; x_wconf 89' lang='lat' dir='ltr'>das</span> <span class='ocrx_word' id='word_1_309' title='bbox 1088 3340 1203 3396; x_wconf 86' lang='lat' dir='ltr'>Wasser</span> 
     </span>
     <span class='ocr_line' id='line_1_35' title="bbox 17 3411 1201 3482; baseline -0.004 -12"><span class='ocrx_word' id='word_1_310' title='bbox 17 3417 54 3470; x_wconf 89' lang='lat' dir='ltr'>de</span> <span class='ocrx_word' id='word_1_311' title='bbox 73 3414 206 3467; x_wconf 83' lang='lat' dir='ltr'>mamitus</span> <span class='ocrx_word' id='word_1_312' title='bbox 223 3413 471 3468; x_wconf 78' lang='lat' dir='ltr'>audacissimorum</span> <span class='ocrx_word' id='word_1_313' title='bbox 486 3413 588 3468; x_wconf 81' lang='lat' dir='ltr'>ciuium</span> <span class='ocrx_word' id='word_1_314' title='bbox 642 3411 689 3467; x_wconf 87' lang='lat' dir='ltr'>die</span> <span class='ocrx_word' id='word_1_315' title='bbox 703 3412 769 3465; x_wconf 82' lang='lat' dir='ltr'>Eier</span> <span class='ocrx_word' id='word_1_316' title='bbox 790 3411 821 3465; x_wconf 92' lang='lat' dir='ltr'>in</span> <span class='ocrx_word' id='word_1_317' title='bbox 840 3413 894 3466; x_wconf 87' lang='lat' dir='ltr'>den</span> <span class='ocrx_word' id='word_1_318' title='bbox 909 3412 997 3466; x_wconf 83' lang='lat' dir='ltr'>Stand</span> <span class='ocrx_word' id='word_1_319' title='bbox 1011 3414 1120 3482; x_wconf 83' lang='lat' dir='ltr'>gesetzt</span> <span class='ocrx_word' id='word_1_320' title='bbox 1133 3428 1201 3466; x_wconf 89' lang='lat' dir='ltr'>wer-</span> 
     </span>
     <span class='ocr_line' id='line_1_36' title="bbox 17 3481 1201 3553; baseline -0.004 -12"><span class='ocrx_word' id='word_1_321' title='bbox 17 3487 166 3552; x_wconf 70' lang='lat' dir='ltr'>delapsa</span> <span class='ocrx_word' id='word_1_322' title='bbox 192 3500 272 3538; x_wconf 88' lang='lat' dir='ltr'>arma</span> <span class='ocrx_word' id='word_1_323' title='bbox 294 3485 356 3553; x_wconf 85' lang='lat' dir='ltr'>ipsa</span> <span class='ocrx_word' id='word_1_324' title='bbox 384 3485 585 3538; x_wconf 85' lang='lat' dir='ltr'>cecideruut.</span> <span class='ocrx_word' id='word_1_325' title='bbox 642 3481 1201 3553; x_wconf 79' lang='lat' dir='ltr'>den,disjungessruthervorzubringcn.</span> 
     </span>
     <span class='ocr_line' id='line_1_37' title="bbox 18 3553 1200 3624; baseline -0.002 -14"><span class='ocrx_word' id='word_1_326' title='bbox 18 3557 109 3624; x_wconf 89' lang='lat' dir='ltr'>Prop.</span> <span class='ocrx_word' id='word_1_327' title='bbox 125 3553 257 3623; x_wconf 78' lang='lat' dir='ltr'>lV‚4,se:</span> <span class='ocrx_word' id='word_1_328' title='bbox 277 3556 390 3624; x_wconf 75' lang='lat' dir='ltr'>ipsaque</span> <span class='ocrx_word' id='word_1_329' title='bbox 403 3557 435 3609; x_wconf 88' lang='lat' dir='ltr'>iu</span> <span class='ocrx_word' id='word_1_330' title='bbox 450 3555 587 3610; x_wconf 79' lang='lat' dir='ltr'>Oceanum</span> <span class='ocrx_word' id='word_1_331' title='bbox 679 3560 720 3610; x_wconf 94' lang='lat'>14.</span> <span class='ocrx_word' id='word_1_332' title='bbox 738 3561 894 3610; x_wconf 81' lang='lat' dir='ltr'>nascautur</span> <span class='ocrx_word' id='word_1_333' title='bbox 916 3586 950 3595; x_wconf 95' lang='lat'>-</span> <span class='ocrx_word' id='word_1_334' title='bbox 978 3555 1040 3622; x_wconf 83' lang='lat' dir='ltr'>ipsa</span> <span class='ocrx_word' id='word_1_335' title='bbox 1063 3570 1116 3622; x_wconf 85' lang='lat' dir='ltr'>per</span> <span class='ocrx_word' id='word_1_336' title='bbox 1139 3569 1200 3608; x_wconf 88' lang='lat' dir='ltr'>sese.</span> 
     </span>
     <span class='ocr_line' id='line_1_38' title="bbox 14 3624 1199 3695; baseline -0.006 -12"><span class='ocrx_word' id='word_1_337' title='bbox 14 3630 117 3683; x_wconf 85' lang='lat' dir='ltr'>sidera</span> <span class='ocrx_word' id='word_1_338' title='bbox 136 3627 232 3695; x_wconf 84' lang='lat' dir='ltr'>lapsa</span> <span class='ocrx_word' id='word_1_339' title='bbox 251 3627 384 3682; x_wconf 85' lang='lat' dir='ltr'>cadumi.</span> <span class='ocrx_word' id='word_1_340' title='bbox 642 3624 706 3679; x_wconf 88' lang='lat' dir='ltr'>Von</span> <span class='ocrx_word' id='word_1_341' title='bbox 738 3625 792 3679; x_wconf 88' lang='lat' dir='ltr'>den</span> <span class='ocrx_word' id='word_1_342' title='bbox 823 3625 908 3679; x_wconf 82' lang='lat' dir='ltr'>Eiern</span> <span class='ocrx_word' id='word_1_343' title='bbox 940 3625 1011 3678; x_wconf 86' lang='lat' dir='ltr'>wird</span> <span class='ocrx_word' id='word_1_344' title='bbox 1041 3625 1199 3693; x_wconf 77' lang='lat' dir='ltr'>ausgesagt,</span> 
     </span>
     <span class='ocr_line' id='line_1_39' title="bbox 22 3693 1201 3770; baseline -0.003 -18"><span class='ocrx_word' id='word_1_345' title='bbox 22 3759 37 3770; x_wconf 46' lang='grc' dir='ltr'>υ</span> <span class='ocrx_word' id='word_1_346' title='bbox 57 3705 86 3752; x_wconf 89' lang='grc'>4.</span> <span class='ocrx_word' id='word_1_347' title='bbox 105 3703 139 3752; x_wconf 88' lang='lat' dir='ltr'>ut</span> <span class='ocrx_word' id='word_1_348' title='bbox 161 3697 348 3768; x_wconf 65' lang='lat' dir='ltr'>intellegamus</span> <span class='ocrx_word' id='word_1_349' title='bbox 376 3728 410 3736; x_wconf 94' lang='lat'>—</span> <span class='ocrx_word' id='word_1_350' title='bbox 442 3697 510 3752; x_wconf 85' lang='lat' dir='ltr'>datu</span> <span class='ocrx_word' id='word_1_351' title='bbox 541 3703 586 3752; x_wconf 83' lang='lat' dir='ltr'>est.</span> <span class='ocrx_word' id='word_1_352' title='bbox 642 3713 699 3750; x_wconf 88' lang='lat' dir='ltr'>was</span> <span class='ocrx_word' id='word_1_353' title='bbox 719 3714 772 3750; x_wconf 90' lang='lat' dir='ltr'>nur</span> <span class='ocrx_word' id='word_1_354' title='bbox 790 3713 846 3750; x_wconf 90' lang='lat' dir='ltr'>von</span> <span class='ocrx_word' id='word_1_355' title='bbox 875 3697 931 3750; x_wconf 89' lang='lat' dir='ltr'>den</span> <span class='ocrx_word' id='word_1_356' title='bbox 959 3693 1201 3749; x_wconf 87' lang='lat' dir='ltr'>auskriechenden</span> 
     </span>
     <span class='ocr_line' id='line_1_40' title="bbox 15 3766 970 3837; baseline -0.005 -13"><span class='ocrx_word' id='word_1_357' title='bbox 15 3771 102 3824; x_wconf 88' lang='lat' dir='ltr'>Uber</span> <span class='ocrx_word' id='word_1_358' title='bbox 122 3767 173 3821; x_wconf 87' lang='lat' dir='ltr'>das</span> <span class='ocrx_word' id='word_1_359' title='bbox 196 3767 358 3821; x_wconf 71' lang='lat' dir='ltr'>Verhtltnis</span> <span class='ocrx_word' id='word_1_360' title='bbox 386 3767 436 3821; x_wconf 89' lang='lat' dir='ltr'>des</span> <span class='ocrx_word' id='word_1_361' title='bbox 464 3767 587 3822; x_wconf 84' lang='lat' dir='ltr'>Vorder-</span> <span class='ocrx_word' id='word_1_362' title='bbox 641 3766 753 3836; x_wconf 80' lang='lat' dir='ltr'>langen</span> <span class='ocrx_word' id='word_1_363' title='bbox 771 3768 868 3837; x_wconf 86' lang='lat' dir='ltr'>gelten</span> <span class='ocrx_word' id='word_1_364' title='bbox 886 3767 970 3820; x_wconf 86' lang='lat' dir='ltr'>kann.</span> 
     </span>
     <span class='ocr_line' id='line_1_41' title="bbox 16 3837 1200 3907; baseline -0.002 -13"><span class='ocrx_word' id='word_1_365' title='bbox 16 3844 118 3894; x_wconf 83' lang='lat' dir='ltr'>satzes</span> <span class='ocrx_word' id='word_1_366' title='bbox 138 3856 172 3891; x_wconf 85' lang='lat' dir='ltr'>zu</span> <span class='ocrx_word' id='word_1_367' title='bbox 191 3838 256 3892; x_wconf 89' lang='lat' dir='ltr'>dem</span> <span class='ocrx_word' id='word_1_368' title='bbox 274 3838 432 3893; x_wconf 82' lang='lat' dir='ltr'>Nachsatze</span> <span class='ocrx_word' id='word_1_369' title='bbox 451 3839 548 3907; x_wconf 81' lang='lat' dir='ltr'>s.I,17</span> <span class='ocrx_word' id='word_1_370' title='bbox 564 3858 587 3892; x_wconf 82' lang='lat' dir='ltr'>a.</span> <span class='ocrx_word' id='word_1_371' title='bbox 680 3845 720 3893; x_wconf 90' lang='lat'>18.</span> <span class='ocrx_word' id='word_1_372' title='bbox 740 3840 925 3905; x_wconf 78' lang='lat' dir='ltr'>ecmederuut,</span> <span class='ocrx_word' id='word_1_373' title='bbox 944 3855 966 3892; x_wconf 86' lang='lat' dir='ltr'>s.</span> <span class='ocrx_word' id='word_1_374' title='bbox 982 3843 1034 3891; x_wconf 90' lang='lat'>124</span> <span class='ocrx_word' id='word_1_375' title='bbox 1051 3855 1072 3892; x_wconf 85' lang='lat' dir='ltr'>z.</span> <span class='ocrx_word' id='word_1_376' title='bbox 1090 3837 1200 3892; x_wconf 65' lang='lat' dir='ltr'>eaelum</span> 
     </span>
     <span class='ocr_line' id='line_1_42' title="bbox 15 3908 1202 3981; baseline -0.005 -13"><span class='ocrx_word' id='word_1_377' title='bbox 15 3915 54 3968; x_wconf 85' lang='lat' dir='ltr'>de</span> <span class='ocrx_word' id='word_1_378' title='bbox 74 3916 183 3964; x_wconf 84' lang='lat' dir='ltr'>matura</span> <span class='ocrx_word' id='word_1_379' title='bbox 201 3912 354 3981; x_wconf 74' lang='lat' dir='ltr'>apetamus.</span> <span class='ocrx_word' id='word_1_380' title='bbox 678 3915 720 3965; x_wconf 82' lang='lat'>22.</span> <span class='ocrx_word' id='word_1_381' title='bbox 746 3911 853 3979; x_wconf 81' lang='lat' dir='ltr'>reliqua</span> <span class='ocrx_word' id='word_1_382' title='bbox 883 3925 951 3964; x_wconf 86' lang='lat' dir='ltr'>cura</span> <span class='ocrx_word' id='word_1_383' title='bbox 982 3935 1009 3953; x_wconf 94' lang='lat'>=</span> <span class='ocrx_word' id='word_1_384' title='bbox 1033 3908 1202 3977; x_wconf 78' lang='lat' dir='ltr'>reliquarum</span> 
     </span>
     <span class='ocr_line' id='line_1_43' title="bbox 59 3977 1201 4049; baseline -0.002 -14"><span class='ocrx_word' id='word_1_385' title='bbox 59 3987 104 4036; x_wconf 92' lang='lat'>10.</span> <span class='ocrx_word' id='word_1_386' title='bbox 124 3981 163 4034; x_wconf 86' lang='lat' dir='ltr'>ad</span> <span class='ocrx_word' id='word_1_387' title='bbox 181 3997 240 4034; x_wconf 84' lang='lat' dir='ltr'>ema</span> <span class='ocrx_word' id='word_1_388' title='bbox 262 3983 353 4049; x_wconf 72' lang='lat' dir='ltr'>finem,</span> <span class='ocrx_word' id='word_1_389' title='bbox 377 3982 442 4035; x_wconf 88' lang='lat' dir='ltr'>dum</span> <span class='ocrx_word' id='word_1_390' title='bbox 469 3977 526 4035; x_wconf 78' lang='lat' dir='ltr'>‘bis</span> <span class='ocrx_word' id='word_1_391' title='bbox 554 3998 587 4033; x_wconf 86' lang='lat' dir='ltr'>zu</span> <span class='ocrx_word' id='word_1_392' title='bbox 641 3997 732 4035; x_wconf 87' lang='lat' dir='ltr'>rerum</span> <span class='ocrx_word' id='word_1_393' title='bbox 751 3997 828 4046; x_wconf 87' lang='lat' dir='ltr'>eura,</span> <span class='ocrx_word' id='word_1_394' title='bbox 848 3979 910 4034; x_wconf 88' lang='lat' dir='ltr'>eine</span> <span class='ocrx_word' id='word_1_395' title='bbox 930 3978 1108 4047; x_wconf 80' lang='lat' dir='ltr'>Attraktion,</span> <span class='ocrx_word' id='word_1_396' title='bbox 1132 3980 1201 4033; x_wconf 74' lang='lat' dir='ltr'>thn-</span> 
     </span>
     <span class='ocr_line' id='line_1_44' title="bbox 14 4048 1201 4120; baseline -0.003 -12"><span class='ocrx_word' id='word_1_397' title='bbox 14 4055 91 4108; x_wconf 88' lang='lat' dir='ltr'>dem</span> <span class='ocrx_word' id='word_1_398' title='bbox 105 4049 287 4120; x_wconf 87' lang='lat' dir='ltr'>Zeitpunkte,</span> <span class='ocrx_word' id='word_1_399' title='bbox 308 4067 363 4119; x_wconf 86' lang='lat' dir='ltr'>wo,</span> <span class='ocrx_word' id='word_1_400' title='bbox 389 4051 505 4120; x_wconf 89' lang='lat' dir='ltr'>solange</span> <span class='ocrx_word' id='word_1_401' title='bbox 523 4048 586 4105; x_wconf 91' lang='lat' dir='ltr'>bis&#39;.</span> <span class='ocrx_word' id='word_1_402' title='bbox 641 4049 700 4104; x_wconf 89' lang='lat' dir='ltr'>lich</span> <span class='ocrx_word' id='word_1_403' title='bbox 718 4051 772 4104; x_wconf 83' lang='lat' dir='ltr'>wie</span> <span class='ocrx_word' id='word_1_404' title='bbox 791 4051 837 4105; x_wconf 89' lang='lat' dir='ltr'>die</span> <span class='ocrx_word' id='word_1_405' title='bbox 857 4052 895 4120; x_wconf 88' lang='lat' dir='ltr'>II,</span> <span class='ocrx_word' id='word_1_406' title='bbox 913 4057 946 4106; x_wconf 79' lang='lat'>21</span> <span class='ocrx_word' id='word_1_407' title='bbox 977 4051 1078 4120; x_wconf 77' lang='lat' dir='ltr'>(Quam</span> <span class='ocrx_word' id='word_1_408' title='bbox 1103 4052 1201 4106; x_wconf 88' lang='lat' dir='ltr'>simili·</span> 
     </span>
     <span class='ocr_line' id='line_1_45' title="bbox 18 4121 1200 4192; baseline -0.002 -14"><span class='ocrx_word' id='word_1_409' title='bbox 18 4126 105 4178; x_wconf 87' lang='lat' dir='ltr'>Verr.</span> <span class='ocrx_word' id='word_1_410' title='bbox 122 4122 142 4190; x_wconf 91' lang='lat' dir='ltr'>I,</span> <span class='ocrx_word' id='word_1_411' title='bbox 156 4127 201 4176; x_wconf 86' lang='lat'>16:</span> <span class='ocrx_word' id='word_1_412' title='bbox 221 4139 253 4176; x_wconf 88' lang='lat' dir='ltr'>ea</span> <span class='ocrx_word' id='word_1_413' title='bbox 266 4125 368 4178; x_wconf 81' lang='lat' dir='ltr'>mansit</span> <span class='ocrx_word' id='word_1_414' title='bbox 381 4139 466 4192; x_wconf 85' lang='lat' dir='ltr'>usque</span> <span class='ocrx_word' id='word_1_415' title='bbox 480 4123 518 4176; x_wconf 87' lang='lat' dir='ltr'>ad</span> <span class='ocrx_word' id='word_1_416' title='bbox 528 4139 588 4177; x_wconf 91' lang='lat' dir='ltr'>eum</span> <span class='ocrx_word' id='word_1_417' title='bbox 641 4124 775 4190; x_wconf 82' lang='lat' dir='ltr'>tudinem)</span> <span class='ocrx_word' id='word_1_418' title='bbox 787 4123 938 4178; x_wconf 76' lang='lat' dir='ltr'>erwahnte.</span> <span class='ocrx_word' id='word_1_419' title='bbox 949 4122 1088 4191; x_wconf 82' lang='lat' dir='ltr'>Vgl.Tae.</span> <span class='ocrx_word' id='word_1_420' title='bbox 1101 4121 1200 4176; x_wconf 78' lang='lat' dir='ltr'>Annal.</span> 
     </span>
     <span class='ocr_line' id='line_1_46' title="bbox 16 4193 1202 4266; baseline -0.004 -16"><span class='ocrx_word' id='word_1_421' title='bbox 16 4199 116 4266; x_wconf 70' lang='lat' dir='ltr'>finem,</span> <span class='ocrx_word' id='word_1_422' title='bbox 136 4194 202 4248; x_wconf 84' lang='lat' dir='ltr'>dum</span> <span class='ocrx_word' id='word_1_423' title='bbox 220 4195 325 4249; x_wconf 82' lang='lat' dir='ltr'>iudices</span> <span class='ocrx_word' id='word_1_424' title='bbox 342 4195 435 4248; x_wconf 86' lang='lat' dir='ltr'>reiecti</span> <span class='ocrx_word' id='word_1_425' title='bbox 452 4200 525 4248; x_wconf 81' lang='lat' dir='ltr'>sumt.</span> <span class='ocrx_word' id='word_1_426' title='bbox 642 4193 662 4262; x_wconf 89' lang='lat' dir='ltr'>I,</span> <span class='ocrx_word' id='word_1_427' title='bbox 684 4198 728 4248; x_wconf 78' lang='lat' dir='ltr'>lo:</span> <span class='ocrx_word' id='word_1_428' title='bbox 751 4195 953 4263; x_wconf 77' lang='lat' dir='ltr'>comparatione</span> <span class='ocrx_word' id='word_1_429' title='bbox 977 4195 1122 4248; x_wconf 83' lang='lat' dir='ltr'>deterrima</span> <span class='ocrx_word' id='word_1_430' title='bbox 1147 4193 1202 4247; x_wconf 83' lang='lat' dir='ltr'>sibi</span> 
     </span>
     <span class='ocr_line' id='line_1_47' title="bbox 62 4264 1203 4334; baseline -0.002 -15"><span class='ocrx_word' id='word_1_431' title='bbox 62 4264 588 4334; x_wconf 73' lang='lat' dir='ltr'>11.etei=quamquambeschrankend</span> <span class='ocrx_word' id='word_1_432' title='bbox 641 4265 758 4334; x_wconf 68' lang='lat' dir='ltr'>aleriam</span> <span class='ocrx_word' id='word_1_433' title='bbox 772 4266 935 4332; x_wconf 76' lang='lat' dir='ltr'>quaesivisse</span> <span class='ocrx_word' id='word_1_434' title='bbox 953 4291 980 4310; x_wconf 82' lang='lat'>=</span> <span class='ocrx_word' id='word_1_435' title='bbox 1000 4264 1203 4334; x_wconf 78' lang='lat' dir='ltr'>comparatione</span> 
     </span>
     <span class='ocr_line' id='line_1_48' title="bbox 14 4333 924 4404; baseline -0.001 -14"><span class='ocrx_word' id='word_1_436' title='bbox 14 4333 200 4404; x_wconf 63' lang='lat' dir='ltr'>‘allerdingq</span> <span class='ocrx_word' id='word_1_437' title='bbox 211 4333 339 4403; x_wconf 83' lang='lat' dir='ltr'>freilich’,</span> <span class='ocrx_word' id='word_1_438' title='bbox 350 4333 589 4390; x_wconf 83' lang='lat' dir='ltr'>wieniclrtselten</span> <span class='ocrx_word' id='word_1_439' title='bbox 617 4350 624 4360; x_wconf 82' lang='grc'><strong>’</strong></span> <span class='ocrx_word' id='word_1_440' title='bbox 642 4336 781 4391; x_wconf 77' lang='lat' dir='ltr'>deterrimi</span> <span class='ocrx_word' id='word_1_441' title='bbox 798 4336 924 4390; x_wconf 79' lang='lat' dir='ltr'>torminis.</span> 
     </span>
     <span class='ocr_line' id='line_1_49' title="bbox 17 4403 1202 4475; baseline -0.006 -12"><span class='ocrx_word' id='word_1_442' title='bbox 17 4408 72 4462; x_wconf 89' lang='lat' dir='ltr'>bei</span> <span class='ocrx_word' id='word_1_443' title='bbox 92 4406 202 4461; x_wconf 84' lang='lat' dir='ltr'>Cicero.</span> <span class='ocrx_word' id='word_1_444' title='bbox 240 4406 296 4460; x_wconf 88' lang='lat' dir='ltr'>Das</span> <span class='ocrx_word' id='word_1_445' title='bbox 315 4406 447 4475; x_wconf 86' lang='lat' dir='ltr'>folgende</span> <span class='ocrx_word' id='word_1_446' title='bbox 458 4409 530 4462; x_wconf 90' lang='lat' dir='ltr'>euim</span> <span class='ocrx_word' id='word_1_447' title='bbox 539 4407 587 4461; x_wconf 90' lang='lat' dir='ltr'>be·</span> <span class='ocrx_word' id='word_1_448' title='bbox 678 4411 721 4460; x_wconf 86' lang='lat'>28.</span> <span class='ocrx_word' id='word_1_449' title='bbox 740 4412 796 4460; x_wconf 87' lang='lat' dir='ltr'>tota</span> <span class='ocrx_word' id='word_1_450' title='bbox 815 4413 925 4473; x_wconf 82' lang='lat' dir='ltr'>aestate,</span> <span class='ocrx_word' id='word_1_451' title='bbox 949 4423 1005 4460; x_wconf 91' lang='lat' dir='ltr'>von</span> <span class='ocrx_word' id='word_1_452' title='bbox 1032 4403 1114 4460; x_wconf 87' lang='lat' dir='ltr'>Mitte</span> <span class='ocrx_word' id='word_1_453' title='bbox 1142 4403 1202 4457; x_wconf 86' lang='lat' dir='ltr'>Jnli</span> 
     </span>
     <span class='ocr_line' id='line_1_50' title="bbox 16 4475 1169 4549; baseline -0.003 -16"><span class='ocrx_word' id='word_1_454' title='bbox 16 4479 152 4549; x_wconf 77' lang='lat' dir='ltr'>grundet</span> <span class='ocrx_word' id='word_1_455' title='bbox 180 4478 236 4531; x_wconf 83' lang='lat' dir='ltr'>den</span> <span class='ocrx_word' id='word_1_456' title='bbox 264 4495 297 4531; x_wconf 87' lang='lat' dir='ltr'>za</span> <span class='ocrx_word' id='word_1_457' title='bbox 321 4478 515 4547; x_wconf 71' lang='lat' dir='ltr'>ergtnzenden</span> <span class='ocrx_word' id='word_1_458' title='bbox 533 4477 587 4532; x_wconf 83' lang='lat' dir='ltr'>Ge·</span> <span class='ocrx_word' id='word_1_459' title='bbox 642 4476 686 4531; x_wconf 89' lang='lat' dir='ltr'>bis</span> <span class='ocrx_word' id='word_1_460' title='bbox 705 4477 787 4530; x_wconf 87' lang='lat' dir='ltr'>Mitte</span> <span class='ocrx_word' id='word_1_461' title='bbox 807 4475 941 4531; x_wconf 86' lang='lat' dir='ltr'>Oktober.</span> <span class='ocrx_word' id='word_1_462' title='bbox 960 4476 1063 4531; x_wconf 84' lang='lat' dir='ltr'>Herod.</span> <span class='ocrx_word' id='word_1_463' title='bbox 1082 4476 1115 4542; x_wconf 87' lang='grc' dir='ltr'>ΙΙ,</span> <span class='ocrx_word' id='word_1_464' title='bbox 1128 4481 1169 4529; x_wconf 85' lang='grc'>19.</span> 
     </span>
    </p>
   </div>
   <div class='ocr_carea' id='block_1_4' title="bbox 0 0 1420 4870">
    <p class='ocr_par' dir='ltr' id='par_1_4' title="bbox 0 0 1420 4870">
     <span class='ocr_line' id='line_1_51' title="bbox 0 0 1420 4870; baseline 0 2"><span class='ocrx_word' id='word_1_465' title='bbox 0 0 1420 4870; x_wconf 95' lang='lat' dir='ltr'> </span> 
     </span>
    </p>
   </div>
  </div>
 </body>
</html>
