2832 4870
356 257 425 312 LIB.
440 258 488 315 llI.
503 257 579 314 cAP.
596 265 642 326 17,
659 265 699 315 18.
720 264 866 324 ses—4⁷.
1135 263 1202 330 209

33 421 156 505 Libero,
181 419 332 504 Castore,
355 420 488 486 Polluce
512 420 703 486 dubitabis?
749 420 796 486 At
822 420 858 485 hi
888 421 1019 507 quidem
1047 423 1201 488 coluntur

32 510 334 664 stellula
357 509 1201 674 lll.ltt{‘¹h?lfftittl⁰attulisti

33 689 83 772 qui
105 689 207 754 olivae
231 688 352 752 dicitur
374 687 539 772 inventor,
561 688 726 771 Apollinis
749 688 853 772 filius,
875 687 1020 753 Theseus
1043 651 1200 773 Neptuni:

10 777 153 863 ereliqui,
186 799 326 862 quorum
357 781 468 861 patres
502 776 548 861 di,
579 798 647 840 non
679 781 775 841 crunt
807 778 843 841 in
873 777 1007 842 deorum
1039 777 1199 843 numero?

33 865 123 950 Quid,
146 889 286 952 quorum
309 865 456 930 matres?
502 864 641 950 Opinor,
665 865 765 930 etiam
788 866 903 952 magis.
950 865 997 932 Ut
1019 865 1106 931 enim
1128 867 1199 932 iure

30 955 124 1039 civili,
148 955 205 1040 qui
228 959 279 1020 est
301 960 406 1019 matre
429 954 546 1038 libera,
568 954 653 1018 liber
675 959 740 1039 est,
762 954 843 1019 item
870 954 940 1020 iure
963 959 1113 1039 naturae,
1142 956 1200 1040 qui

31 1044 83 1106 dea
105 1047 210 1108 matre
234 1048 298 1127 est,
321 1043 400 1108 deus
424 1043 469 1107 sit
497 1064 630 1107 necesse
654 1046 712 1108 est.
765 1042 882 1128 Itaque
910 1041 1074 1109 Achillem
1101 1044 1200 1129 Asty·

29 1133 211 1214 palaeenses
238 1132 382 1196 insulani
412 1132 628 1197 sanctissume
659 1132 784 1217 colunt,
814 1132 871 1216 qui
901 1132 929 1196 si
961 1132 1039 1197 deus
1071 1135 1135 1216 est,
1165 1137 1200 1198 et

10 1220 175 1304 JOrpheus
200 1224 233 1285 et
256 1219 386 1285 Rhesus
400 1221 432 1284 di
453 1225 544 1304 sunt,
567 1219 662 1285 Musa
680 1224 785 1285 matre
803 1220 889 1305 nati,
911 1220 977 1284 nisi
995 1220 1081 1285 forte
1099 1222 1198 1286 mari·

29 1314 132 1374 tumae
164 1309 299 1394 nuptiae
332 1310 471 1374 terrenis
504 1313 757 1393 anteponuntur.
817 1307 853 1374 Si
884 1308 920 1372 hi
953 1308 985 1373 di
1014 1331 1082 1374 non
1112 1314 1198 1395 sunt,

28 1399 99 1482 quia
120 1421 284 1484 nusquam
308 1399 473 1483 coluntur,
497 1420 561 1482 quo
585 1399 681 1462 modo
705 1398 755 1462 illi
779 1397 878 1463 sunt?
923 1396 1007 1463 Vide
1020 1398 1133 1485 igitur,
1156 1421 1197 1464 ne
1216 1410 1251 1460 46

27 1487 199 1552 virtutibus
232 1486 402 1552 hominum
438 1487 497 1552 isti
531 1486 673 1551 honores
705 1486 901 1571 habeantur,
931 1509 999 1552 non
1029 1487 1198 1554 immorta-

26 1576 186 1661 litatibus3
210 1577 297 1662 quod
320 1580 358 1640 tu
381 1598 524 1662 quoque,
547 1575 663 1660 Balbe,
686 1577 775 1640 visus
800 1599 834 1641 es
857 1576 972 1641 dicere.
1005 1575 1076 1652 Quo
1100 1577 1217 1659 modo,

9 1670 132 1729 tantem
155 1669 264 1750 potes,
287 1665 317 1728 si
339 1665 500 1730 Latonam
523 1665 617 1729 deam
644 1669 756 1751 putas,
785 1664 946 1731 Hecatam
974 1687 1042 1730 non
1072 1671 1198 1751 putare,

26 1777 103 1838 quae
127 1758 232 1818 matre
255 1754 388 1818 Asteria
416 1758 479 1838 cst,
510 1775 621 1819 sorore
653 1752 822 1818 Latonae?
874 1751 929 1818 An
957 1753 1038 1819 haec
1068 1778 1198 1840 quoque

25 1843 80 1907 dea
102 1842 177 1908 est?
200 1842 341 1908 vidimus
365 1843 452 1907 enim
475 1843 544 1908 eius
568 1865 642 1906 aras
666 1842 864 1926 delubraque
891 1843 927 1906 in
951 1841 1095 1907 Graecia.
1139 1841 1198 1908 Sin

23 1930 99 1996 haec
113 1932 175 1996 dea
189 1935 255 2016 est,
280 1954 337 1996 cur
354 1953 420 1996 non
439 1930 662 1996 Eumenides?
696 1929 785 2006 Quae
805 1929 833 1994 si
852 1930 929 1995 deae
948 1935 1039 2015 sunt,
1058 1953 1196 2015 quarum

24 2026 54 2084 et
76 2020 217 2085 Athenis
241 2019 355 2085 fanum
378 2025 429 2086 cst
452 2024 486 2084 et
513 2019 599 2105 apud
621 2041 696 2104 nos,
723 2023 761 2082 ut
784 2040 845 2104 ego
868 2018 1081 2103 interpretor,
1103 2019 1196 2085 lucus

23 2108 176 2194 Furinae,
200 2109 316 2174 Furiae
331 2110 418 2174 deae
446 2114 539 2193 sunt,
569 2108 815 2193 speculatrices,
850 2106 959 2192 credo,
990 2110 1023 2171 et
1052 2107 1196 2174 vindices

21 2197 204 2263 facinorum
227 2201 261 2262 et
281 2198 421 2263 sceleris.
460 2197 583 2274 Quodsi
602 2197 685 2262 tales
704 2196 750 2261 dii
769 2200 858 2281 sunt,
881 2200 919 2261 ut
933 2195 1029 2286 rebus
1043 2196 1195 2263 humanis
1214 2208 1249 2258 47

21 2461 55 2498 an
83 2443 163 2500 scine
191 2441 290 2508 Quelle
316 2460 363 2511 an,
397 2441 454 2497 dall
477 2459 508 2497 er
531 2443 578 2497 da
633 2441 665 2496 in
682 2443 755 2511 Elis,
776 2442 876 2514 Sparta
895 2442 953 2496 und
967 2442 1091 2498 anderen
1106 2441 1194 2499 Orten

19 2516 101 2570 ruber
130 2514 215 2570 Cotta
246 2514 343 2569 seinen
375 2513 487 2584 Gegner
517 2531 578 2569 ver·
634 2515 730 2568 wurde
749 2514 874 2568 Achilles
900 2514 941 2568 als
960 2514 1050 2568 Heros
1072 2515 1195 2570 verehrt.
1289 2567 1292 2574 .

18 2604 121 2656 gessen
139 2584 209 2640 lanc.
670 2591 712 2640 10.
734 2586 864 2656 Orpheus,
883 2603 904 2639 s.
919 2586 992 2653 l,41.

53 2657 309 2724 3Arrbtaeuador
324 2656 401 2711 Sohn
416 2656 579 2727 deshpollo
669 2656 788 2724 Rhenes,
820 2655 914 2724 Kbnig
950 2671 1006 2709 von
1047 2655 1195 2722 Thracian,

17 2731 75 2782 und
104 2730 156 2782 der
183 2728 313 2798 Nympha
339 2728 457 2797 Kyrene.
513 2727 580 2781 Man
634 2725 710 2781 Sohn
730 2727 779 2781 des
803 2725 973 2796 Flullgottes
988 2725 1119 2795 Strymon
1137 2726 1195 2781 und

18 2799 131 2855 schrieb
155 2799 319 2853 demselben
341 2799 415 2853 viele
438 2798 579 2854 nfitzliche
634 2797 684 2852 der
702 2797 842 2867 Kalliope.

18 2871 211 2940 Erfindungen
221 2869 579 2925 desLandbaueszu.Verr.
669 2866 1196 2939 maritumaenuptmmitsseziehung

17 2941 63 3009 lV,
86 2948 151 2996 128:
183 2943 308 2997 inventor
326 2943 378 2996 cler¹
396 2957 450 2996 esse
467 2943 579 2998 dicim.
634 2941 685 2993 auf
700 2936 805 3008 Thetis,
826 2939 873 2994 die
891 2938 997 2992 Mutter
1015 2938 1130 2993 Achille.

52 3020 77 3068 4.
99 3015 219 3068 Theseus
235 3013 369 3082 Neptuni.
394 3011 461 3067 Dies
479 3011 519 3066 ist
533 3012 579 3068 die
671 3017 703 3064 12
736 3010 887 3064 Vide-ne
900 3007 1014 3063 vertritt
1028 3008 1194 3080 wieccreor,

16 3084 235 3154 ursprfingliche
263 3083 346 3138 Form
379 3083 428 3139 des
455 3083 578 3153 Mythus,
632 3081 989 3148 macomadiensem
998 3080 1196 3150 griechischen

15 3161 75 3209 erst
104 3157 201 3225 spater
228 3155 324 3208 wurde
358 3155 483 3208 Theseus
516 3173 580 3208 zum
634 3152 811 3206 Potentialis.

16 3226 173 3282 Schnedes
187 3225 329 3280 attischen
337 3224 445 3295 Konigs
460 3227 579 3294 Aegeus,
671 3230 712 3278 14.
731 3231 763 3279 tu
780 3240 898 3293 quoque:
916 3223 951 3290 ΙΙ,
962 3228 1004 3280 62.

16 3299 141 3352 welcher
156 3292 219 3351 ‘der
229 3314 291 3350 aum
301 3297 390 3351 Heres
410 3298 578 3365 gewordene
671 3302 712 3351 17.
731 3294 852 3350 vidimus
870 3296 929 3349 aas
942 3311 1008 3350 orae
1022 3295 1193 3365 delubraque.

14 3369 160 3424 Poseidon
183 3367 271 3422 solbet
295 3364 355 3422 ist’.
393 3367 512 3436 Preller‚
537 3387 578 3437 gr.
633 3366 666 3419 In
684 3367 778 3420 Athen
796 3365 855 3420 und
873 3366 990 3421 Theben
1008 3366 1114 3436 pflegte
1129 3383 1195 3420 man

13 3439 104 3510 Myth.
121 3440 143 3507 I,
153 3445 215 3494 450.
633 3436 679 3490 ihr
707 3437 758 3492 vor
785 3437 840 3491 den
868 3437 981 3492 Theren
1009 3438 1060 3491 der
1086 3437 1195 3491 Etuser

51 3519 76 3567 6.
91 3528 209 3581 quorum
225 3509 478 3565 matronensem
491 3517 577 3567 eram.
633 3507 731 3562 Bilder
762 3509 821 3562 und
860 3507 956 3562 kleino
986 3507 1122 3576 Kapellen
1160 3525 1194 3560 au

49 3587 114 3638 iure
133 3583 218 3647 civili,
235 3581 285 3635 das
305 3580 422 3651 epeciell
438 3580 578 3635 romische
633 3579 751 3634 weihen.
789 3578 875 3633 Arist.
900 3579 983 3648 Vesp.
1004 3583 1071 3632 804:
1100 3573 1193 3647 ὥσπερ

13 3653 124 3722 Recht,
144 3653 183 3706 im
209 3651 366 3722 Gegensatr
392 3670 425 3706 zu
451 3653 515 3706 dem
534 3655 579 3707 isca
628 3647 778 3705 ‘auersae
788 3651 934 3716 πανταχοῦ
945 3645 999 3718 πρὸ
1013 3649 1070 3702 τῶν
1083 3649 1193 3717 θυρῶν.

11 3727 139 3798 uectium
154 3724 355 3779 adstanteme
369 3725 426 3791 (ius
440 3740 579 3779 caminum
631 3721 683 3775 Bei
700 3725 820 3778 uidimus
837 3720 909 3774 wird
926 3736 1000 3799 man,
1019 3717 1073 3773 wie
1091 3719 1121 3772 in
1133 3724 1148 3784 5
1158 3725 1192 3773 49

12 3798 141 3852 omnium
158 3797 319 3862 homiuum).
632 3794 689 3847 und
709 3801 751 3862 59,
779 3794 859 3846 mehr
888 3808 924 3844 an
950 3789 1047 3844 Orcero
1082 3791 1125 3844 als
1156 3807 1194 3844 an

50 3875 76 3922 7,
99 3867 309 3934 quicelmum
328 3867 427 3934 libera,
446 3867 514 3921 liber
532 3872 577 3921 est.
633 3863 716 3918 Cotta
734 3882 767 3919 zu
793 3863 905 3918 denken
930 3861 1031 3916 haben.
1070 3860 1097 3917 S.
1117 3860 1191 3918 Einl.

10 3940 88 3995 Just.
114 3939 182 3991 lnst.
202 3937 269 4003 1,4:
293 3939 319 3992 ei
344 3939 406 4006 quie
433 3954 466 3992 cc
493 3944 579 3992 matre
632 3941 705 4000 516.

10 4013 104 4065 libera
132 4017 277 4076 nascatur,
306 4016 387 4078 patre
419 4025 507 4075 servo,
534 4009 578 4063 in·
668 4007 733 4074 sin,
752 4024 773 4061 s.
789 4006 930 4072 z.11‚1oc.

8 4097 123 4154 yenmcs
142 4081 229 4134 nubilo
247 4081 341 4134 miuus
358 4080 491 4134 meatur.
669 4085 710 4132 19.
736 4078 863 4144 Athenis,
891 4093 935 4130 am
969 4073 1108 4131 bstlichen
1135 4076 1193 4131 Ab·

49 4161 77 4208 9.
103 4152 245 4218 imulam',
272 4169 320 4204 um
348 4151 393 4203 die
422 4149 578 4204 Bewohner
631 4148 724 4217 hange
744 4147 792 4200 des
812 4149 966 4218 Areopags.

10 4225 65 4278 der
95 4223 172 4276 lnsel
200 4223 383 4290 Astypalaea,
417 4219 494 4275 einer
529 4221 578 4275 der
668 4221 746 4273 lucres
757 4219 891 4287 Ftcrim,
903 4218 1022 4287 jenseits
1038 4217 1192 4284 desTiber,

10 4293 173 4365 Sporades,
192 4309 248 4346 von
263 4294 318 4346 den
332 4291 519 4346 Einwohnem
529 4293 579 4346 der
633 4307 676 4343 am
700 4289 852 4345 laniculus.
905 4288 947 4345 Ob
981 4288 1078 4343 Cicero
1101 4287 1194 4342 Recht

8 4366 102 4420 Stadt
129 4363 261 4432 gleichen
294 4363 416 4416 Namens
449 4362 499 4415 auf
529 4363 579 4417 der
632 4362 690 4428 hat,
711 4377 792 4414 wenn
811 4377 841 4415 ar
865 4360 911 4415 die
935 4359 1040 4413 Furina
1062 4358 1115 4412 mit
1137 4358 1193 4412 den

8 4435 93 4493 lnsel
107 4435 165 4488 Kos
185 4453 219 4488 zu
237 4432 461 4488 untersoheiden.
501 4435 579 4488 Auch
632 4433 735 4485 Furien
754 4431 1007 4495 zusammenstellt,
1027 4429 1066 4483 ist
1084 4429 1193 4483 echwer

68 4545 177 4595 CICERO,
189 4552 223 4586 Du
234 4550 334 4584 narum
347 4549 458 4586 DEORUM.
945 4524 980 4573 14
