2832 4870
156 189 162 194 '
204 202 268 268 162
589 195 637 249 os
656 193 807 248 urruns
826 193 988 249 naoauu.

195 361 398 448 *inluminata
428 359 641 445 graviditates
665 364 698 423 et
725 363 839 443 partus
868 356 994 422 adferat
1026 357 1297 441 maturitatesque
1330 358 1371 441 gi-

138 493 171 538 ·,3
196 450 334 537 ‚gnendi
372 447 461 524 Quae
481 447 645 533 copulatio
669 470 778 512 rerum
802 451 834 512 et
858 447 951 532 quasi
971 445 1176 511 consentiens
1201 444 1370 509 edmundi

138 545 165 553 ”
197 539 464 608 'incolumitatem
488 536 729 622 coagmentatio
751 540 888 601 naturae
917 558 1013 620 quem
1040 557 1108 599 non
1138 539 1262 619 movet,
1291 534 1371 597 hunc

196 617 322 700 borum
345 627 429 691 nibil
451 647 606 710 nmquam
629 625 831 709 reputavisse
856 629 945 689 certo
970 625 1046 689 seio.

135 681 217 822 ἕο
263 812 265 817 Α
293 715 378 816 Age,
401 719 439 816 ut
462 737 481 778 a
505 712 698 778 caelestibus
722 715 818 778 rebus
842 713 1076 815 aduternrestres
1100 712 1277 813 veniamus,
1301 712 1399 796 quids

197 809 255 890 ,e'st
277 805 313 868 in
334 803 636 888 b1s,mquon0n
666 806 803 866 naturae
832 807 917 866 rat10
948 803 1169 887 mtellegentrs
1200 800 1373 884 appareat?

199 891 370 982 l'rincipio
394 914 520 975 eorum,
543 913 625 975 quae
649 891 830 976 gignuntur
861 912 879 955 e
910 896 1010 975 terra,
1041 891 1159 974 stirpes
1192 894 1225 954 et
1256 889 1375 953 stabili-

202 983 307 1066 tatem
331 983 410 1046 dant
432 981 487 1064 iis,
507 1001 589 1064 quae
613 980 829 1064 sustinentur,
861 984 895 1044 et
923 1002 940 1043 e
968 985 1056 1044 terra
1088 1001 1202 1043 sucum
1233 977 1375 1060 trahunt,

205 1093 269 1156 quo
298 1070 427 1135 alantur
460 1092 511 1153 ea,
544 1091 626 1154 quae
658 1069 822 1133 radicibus
856 1069 1077 1152 continentur,
1109 1068 1376 1150 obducunturque

204 1161 288 1225 libro
303 1164 361 1224 aut
371 1159 490 1224 cortice
504 1157 621 1240 trunci,
632 1179 696 1242 quo
706 1157 773 1221 sint
788 1180 806 1222 a
820 1156 998 1243 frigoribus
1014 1162 1046 1221 et
1061 1156 1222 1221 caloribus
1231 1156 1375 1219 tutiores.
1394 1175 1413 1216 ιι

204 1249 276 1314 Iam
290 1271 366 1314 vero
378 1247 461 1312 vites
473 1247 519 1311 sic
534 1246 699 1310 claviculis
715 1246 911 1310 adminicula
926 1251 1093 1330 tamquam
1105 1246 1257 1309 manibus
1268 1267 1378 1328 appre·
1411 1327 1413 1332 Ι

204 1338 351 1402 hendunt
374 1341 473 1421 atque
496 1336 544 1400 ita
572 1357 606 1400 se
630 1335 775 1421 erigunt,
805 1339 843 1400 ut
872 1335 1064 1400 animantes.
1111 1333 1198 1408 Quin
1230 1333 1330 1397 etiarn
1359 1356 1377 1396 a

207 1427 367 1510 caulibus,
391 1425 419 1489 si
441 1427 576 1509 propter
600 1423 664 1488 sati
693 1424 772 1507 sint,
801 1429 839 1488 ut
871 1447 890 1488 a
921 1422 1086 1508 pestiferis
1120 1427 1153 1486 et
1184 1422 1376 1487 nocentibus

145 1525 194 1574 121
211 1514 359 1600 refugere
389 1513 540 1577 dicuntur
570 1534 630 1576 nec
663 1535 717 1577 eos
749 1513 817 1577 ulla
849 1535 887 1577 ex
923 1517 1016 1596 parte
1049 1511 1247 1597 contingere.
1303 1510 1377 1574 Ani-

206 1602 367 1667 mantium
390 1623 466 1665 vero
491 1605 613 1685 quanta
635 1601 775 1666 varietas
800 1606 864 1684 est,
892 1605 1014 1685 quanta
1044 1601 1084 1664 ad
1116 1622 1188 1665 eam
1219 1622 1289 1664 rem
1321 1599 1413 1698 vis,q

207 1691 302 1756 utin
325 1712 383 1754 suo
413 1711 559 1775 quaeque
592 1711 710 1776 genere
742 1691 944 1775 permaneat!
992 1688 1136 1764 Quarum
1168 1689 1251 1753 aliae
1282 1689 1376 1752 coriis

207 1785 312 1856 tectae
323 1784 413 1862 sunt,
424 1777 506 1842 aliae
517 1778 603 1844 villis
615 1779 767 1863 vestitae,
777 1779 859 1844 aliae
870 1778 972 1862 spinis
987 1777 1148 1862 hirsutae3
1162 1779 1274 1862 pluma
1289 1777 1377 1859 aliae,
1412 1835 1413 1856 ,

207 1870 288 1935 alias
321 1890 456 1952 squama
485 1867 631 1931 videmus
656 1867 827 1952 obductas,
850 1867 931 1932 alias
955 1889 1025 1932 esse
1050 1867 1203 1931 cornibus
1228 1870 1377 1948 armataS,

207 1958 288 2024 alias
311 1957 430 2021 habere
463 1956 582 2042 effugia
613 1955 794 2041 pinnarum.
850 1955 986 2020 Pastum
1018 1961 1128 2020 autem
1157 1955 1377 2019 animantibus

208 2048 298 2133 large
322 2050 355 2110 et
383 2045 513 2129 copiose
544 2050 663 2110 natura
694 2067 782 2131 eum,
815 2045 870 2129 qui
903 2045 1018 2129 cuique
1048 2049 1145 2129 aptus
1182 2049 1265 2128 erat,
1297 2066 1378 2108 eom-

208 2134 344 2221 paravit.
397 2134 598 2198 Enumerare
629 2156 778 2218 possum,
810 2133 851 2198 ad
880 2155 954 2198 eum
985 2137 1117 2218 pastum
1147 2132 1378 2217 capessendum

210 2223 507 2307 conficiendumque
526 2245 608 2307 quae
627 2221 671 2286 sit
688 2223 724 2286 in
741 2221 856 2308 figuris
875 2221 1090 2286 animantium
1105 2227 1139 2286 et
1153 2245 1251 2306 quam
1266 2221 1377 2286 sollers

210 2313 405 2396 subtilisque
437 2311 606 2395 discriptio
645 2311 789 2395 partium
821 2333 982 2397 quamque
1020 2310 1221 2375 admirabilis
1257 2309 1378 2374 fabrica

248 2459 271 2505 1.
287 2456 387 2519 partus
405 2450 523 2516 adferat,
542 2467 563 2502 s.
579 2467 600 2504 a.
618 2447 650 2517 ll,
663 2454 704 2504 50.
821 2449 863 2504 oft
882 2448 998 2518 speciell
1025 2465 1090 2503 vom
1115 2448 1304 2518 Kohlstengel
1334 2467 1377 2518 ge·

246 2521 325 2588 Kap.
358 2520 407 2575 47.
444 2526 459 2586 ς
498 2525 645 2574 loo-las.
705 2521 766 2575 Die
820 2520 947 2575 braucht.
973 2519 1034 2573 Dass
1050 2521 1098 2573 der
1113 2519 1275 2574 Weinstock
1290 2537 1379 2589 gegen

208 2592 357 2646 Wunder
380 2591 438 2645 des
462 2590 767 2661 vegetabilischen
821 2591 876 2645 den
895 2590 968 2645 Kohl
988 2591 1051 2646 eine
1072 2591 1191 2660 gewisss
1212 2591 1380 2661 Abneigung

209 2665 275 2718 und
329 2661 579 2717 animalischen
630 2662 765 2731 Lobana,
820 2662 1380 2729 habs,wirdauchsonstvondenAlten

208 2740 374 2802 §130-133
390 2733 444 2787 dia
459 2733 618 2789 absolute
632 2732 765 2787 Zweck-
819 2733 969 2788 berichtet.
998 2733 1068 2787 Plin.
1082 2751 1109 2786 n.
1125 2734 1153 2787 h.
1164 2732 1250 2801 XVII,
1261 2738 1310 2786 24:
1325 2735 1380 2788 odit

208 2803 405 2875 massigkeit
428 2802 463 2858 in
488 2805 547 2859 der
565 2803 683 2873 Natur,
711 2804 766 2859 dis
821 2803 910 2874 (vitis)
928 2811 952 2859 et
971 2807 1074 2860 caulem
1092 2811 1116 2859 st
1134 2805 1213 2859 sorus
1230 2821 1316 2859 omne.

208 2895 270 2932 nur
283 2875 496 2931 denVorteil
512 2875 767 2930 derenschen
858 2882 901 2929 15.
919 2883 1024 2944 quanta
1041 2877 1080 2931 ad
1097 2893 1156 2930 eam
1178 2892 1234 2930 rem
1256 2877 1299 2930 ors
1317 2873 1379 2928 ‘wie

208 2947 252 3001 im
275 2947 369 3016 Auge
402 2964 440 3000 au
471 2947 581 3000 haben
614 2945 766 3013 scheint,
822 2945 880 3000 viel
899 2945 1114 3015 gehbrtdaau'.

208 3016 384 3073 beweisen
411 3017 470 3071 das
498 3017 635 3072 Waltcn
668 3018 768 3073 einer
858 3023 1041 3087 laqueoque.
1082 3018 1221 3072 Antronas
1244 3016 1316 3071 vird
1338 3034 1379 3069 so-

209 3087 407 3159 gbttlichen
426 3087 637 3158 Vorsehung.
821 3088 897 3141 wohl
929 3089 971 3142 als
998 3088 1116 3142 Maskul.
1141 3106 1167 3143 u.
1197 3087 1308 3156 Neam,
1340 3089 1380 3141 als
1410 3149 1411 3152 Ἰ

246 3167 270 3215 7.
289 3159 385 3227 stirpes
411 3158 488 3212 kann
515 3159 623 3214 sowohl
651 3159 767 3229 Stsngsl
821 3158 894 3213 auch
918 3160 960 3213 als
983 3159 1089 3214 Femin.
1109 3159 1271 3229 gebraucht.
1316 3159 1380 3212 Zum

209 3231 252 3285 als
275 3228 407 3284 Wurzeln
429 3229 577 3286 bedenten.
615 3229 677 3284 Dass
700 3246 767 3284 man
821 3229 978 3284 Gadanken
997 3231 1053 3300 vgl.
1069 3236 1084 3296 §
1101 3236 1151 3284 128
1170 3247 1195 3286 a.
1210 3231 1244 3285 A.

209 3299 271 3356 hier
293 3300 374 3354 mehr
400 3317 436 3354 an
463 3303 568 3356 cratere
596 3318 630 3354 au
655 3301 767 3356 denken
852 3309 1020 3371 permaneat.
1040 3301 1310 3370 Wirwissenindes,
1326 3300 1381 3355 dall

209 3373 272 3439 hat,
291 3369 366 3441 zaigt
390 3371 440 3425 das
459 3371 591 3442 fulgenda
616 3389 685 3442 qaae
709 3388 767 3428 sus·
821 3371 1381 3442 gewisseGattnngenausgestorbensind

209 3445 333 3500 tinentm
350 3440 416 3497 ‘was
435 3443 564 3498 aufrecht
578 3439 671 3496 steht'.
822 3443 880 3497 und
898 3445 971 3498 noch
991 3445 1161 3498 aussterben.
1410 3507 1411 3510 Ἴ

246 3521 271 3570 9.
289 3530 359 3584 qaae
375 3515 518 3570 radicitus
536 3515 710 3568 continentur
729 3530 767 3568 sc.
858 3516 941 3569 coriis
958 3521 1050 3582 tectae,
1070 3513 1116 3569 die
1135 3514 1356 3584 Pachydcrmen.

209 3604 228 3641 a
246 3592 327 3642 terra.
348 3585 374 3640 S.
389 3585 423 3652 11,
434 3591 469 3640 26
483 3603 506 3639 a.
520 3585 653 3653 stirpibus
670 3585 767 3652 infixa.
862 3591 902 3641 17.
920 3587 1018 3655 pluma
1041 3617 1070 3626 —
1089 3603 1213 3655 squama,
1237 3586 1287 3639 der
1307 3587 1381 3656 Sing.

247 3663 288 3712 10.
303 3657 546 3712 libroautcortice.
574 3655 658 3709 Liber
667 3653 706 3709 ist
739 3672 766 3710 s·
823 3655 1034 3725 kollelrtivisch‚
1054 3656 1108 3711 wie
1121 3657 1168 3711 bei
1179 3659 1278 3726 pluma
1292 3657 1381 3726 regel-

209 3727 351 3783 wbhnlieh
362 3727 408 3781 die
415 3726 519 3794 innere,
535 3725 702 3781 cmteadiet
743 3743 769 3781 s·
823 3726 929 3797 massig
941 3727 1381 3783 wennniehtdieVsrschieden-

210 3797 542 3853 rsRindederPflanaen.
557 3794 770 3852 Ciceroscheint
824 3797 884 3852 beit
912 3798 962 3852 der
985 3799 1035 3852 das
1064 3798 1192 3853 Gefieder
1224 3801 1382 3868 tragenden
1410 3811 1411 3862 l

211 3867 273 3923 hier
282 3870 364 3922 unter
374 3869 441 3922 liber
451 3868 545 3921 dtinne
555 3868 612 3920 und
621 3870 704 3922 nnter
713 3885 769 3924 eor·
824 3868 992 3924 Individuen
1010 3870 1040 3922 in
1058 3869 1195 3926 Batracht
1211 3870 1331 3924 kommt.
1409 3869 1410 3902 l

206 3946 255 3995 ,tea
274 3938 368 3991 starka
387 3936 478 3992 ltinda
497 3955 529 3991 zu
548 3938 703 3992 verstehsn.
862 3946 901 3995 la.
925 3941 1027 4011 effugia
1050 3943 1205 4010 pinnarum
1230 3941 1286 3996 ‘dis
1305 3942 1382 4011 Mog-

248 4014 289 4064 11.
304 4015 444 4076 tanquam
462 4010 599 4065 manibus.
628 4009 693 4079 Vgl.
709 4008 768 4066 Cat.
822 4009 943 4066 lichksit
956 4028 989 4064 zu
1002 4009 1300 4068 fliehenmittslst-'.
1320 4013 1382 4082 Vgl.

206 4078 276 4134 Mai.
292 4084 338 4133 62:
362 4079 432 4134 Vns
449 4081 566 4149 quiam,
584 4087 656 4136 etse
674 4083 769 4151 aripret,
823 4081 895 4136 Hirt.
917 4082 945 4137 b.
966 4082 998 4139 G.
1017 4083 1094 4152 vrn,
1120 4090 1198 4152 ate:
1221 4090 1253 4141 ut
1275 4085 1382 4140 audam
1409 4101 1410 4110 ³

208 4151 353 4206 ennam
370 4153 429 4206 suis
442 4152 671 4221 quaemanibus,
690 4154 768 4223 qaid·
823 4154 942 4208 reditum
968 4155 1076 4210 baberet
1102 4156 1134 4210 ιἰι
1164 4156 1302 4210 stadam
1325 4152 1382 4208 ‘die

210 4223 279 4295 qaid
296 4229 335 4278 est
351 4228 444 4290 nana,
463 4224 654 4292 conplectitur.
824 4223 1012 4291 Mbglichlrait
1030 4221 1295 4281 aurfickzukehren’.

248 4293 619 4362 12.aeau1ib1s.Oaalis,im
627 4293 770 4364 allgemei-
860 4301 902 4351 21.
921 4295 1102 4364 Evomuere,
1116 4296 1197 4352 nicht
1209 4292 1384 4364 ‘aufaahlsn’,

207 4382 266 4420 nen
279 4365 330 4420 der
340 4365 455 4436 Stengel
465 4364 547 4434 jader
561 4366 680 4435 Pflanae,
699 4366 770 4419 vird
825 4367 947 4422 condem
960 4363 1149 4422 ‘ausfiihrlich
1168 4365 1327 4439 darlegen’.
