2868 4878
173 237 218 305 24
553 231 602 287 oa
622 231 776 286 uanum
795 229 956 286 nnouun.

174 396 274 462 etiam
313 400 346 461 et
387 395 526 460 societas
569 395 697 481 generis
729 393 865 460 humani
906 398 939 459 et
977 415 1042 459 una
1075 394 1351 460 excellentissima

174 486 292 570 virtus,
321 484 464 570 iustitia,
494 484 640 551 tollatur.
687 482 771 548 Sunt
802 488 912 548 autem
942 483 999 547 alii
1028 482 1230 568 philosophi,
1261 489 1296 548 et
1328 483 1349 548 ii

175 574 305 659 quidem
327 573 440 660 magni
459 577 556 658 atque
579 572 720 658 nobiles,
743 572 800 658 qui
823 572 957 640 deorum
976 577 1085 637 mente
1104 577 1202 657 atque
1221 571 1349 637 ratione

175 684 305 728 omnem
333 662 491 726 mundum
521 661 744 727 administrari
774 665 807 727 et
836 661 907 747 regi
937 665 1103 747 censeant,
1136 683 1241 746 neque
1272 683 1348 726 vero

174 751 208 817 id
231 751 351 836 solum,
375 750 431 814 sed
455 750 554 815 etiam
577 751 618 815 ab
641 750 745 816 isdem
767 748 937 815 hominum
961 749 1048 815 vitae
1071 750 1197 815 consuli
1221 754 1255 814 et
1273 772 1378 834 pro-s

174 839 291 925 videri,
312 862 389 904 nam
413 844 446 904 et
467 837 584 926 fruges¹
603 843 637 904 et
659 839 800 925 reliqua,
827 861 910 924 quac
933 843 1022 904 terra
1051 839 1172 932 pariat,
1201 842 1235 903 et
1266 843 1349 903 tem-

174 932 319 1012 pestates
343 950 381 993 ac
404 933 589 1012 temporum
611 928 787 1012 uarietates
815 928 960 1013 caelique
988 927 1201 1012 mutationes,
1229 927 1350 1013 quibus

177 1017 298 1103 omnia,
321 1039 403 1102 quse
426 1021 514 1082 terra
541 1015 670 1104 gignat,
697 1019 862 1082 maturata
884 1017 1077 1102 pubescant,
1099 1040 1119 1081 a
1142 1016 1191 1081 dis
1214 1016 1350 1080 immor-

176 1106 297 1171 talibus
321 1106 423 1171 tribui
446 1105 558 1192 generi
585 1105 728 1172 humano
746 1110 866 1190 putant
888 1105 1070 1191 multaque,
1094 1127 1176 1191 quae
1199 1103 1352 1170 dicentur

175 1194 211 1259 in
232 1194 284 1260 his
307 1194 415 1280 libris,
439 1195 515 1260 colli
585 1199 625 1280 t,
638 1217 721 1280 quae
744 1195 824 1260 talia
855 1198 945 1280 sunt,
974 1199 1012 1259 ut
1043 1217 1082 1260 ea
1111 1194 1183 1279 ipsa
1212 1193 1260 1258 dii
1291 1193 1352 1257 im·
1370 1218 1390 1256 ro

176 1285 331 1350 mortales
351 1283 392 1348 ad
409 1306 505 1349 usum
516 1217 694 1349 {inmitium
716 1283 869 1350 fabricati
886 1305 990 1368 paene
1009 1284 1188 1349 videantur.
1225 1279 1353 1348 Contra

177 1395 259 1458 quos
284 1369 469 1454 Cameados
488 1373 537 1437 ita
559 1373 664 1438 multa
682 1373 849 1458 disseruit,
872 1377 910 1437 ut
933 1372 1091 1438 excitaret
1108 1370 1258 1436 homines
1282 1377 1354 1436 non

142 1461 328 1526 osocordcs
359 1461 399 1525 ad
428 1461 497 1526 veri
526 1461 746 1548 investigandi
776 1461 996 1546 cupiditatem.
1046 1459 1111 1526 Res
1143 1460 1229 1525 enim
1258 1460 1353 1525 nulla

178 1554 241 1635 est,
264 1549 303 1615 dc
327 1572 392 1635 qua
414 1554 507 1614 tanto
536 1571 632 1634 opere
659 1571 725 1615 non
749 1551 855 1615 solum
878 1550 1018 1636 indocti,
1041 1551 1097 1615 sed
1129 1550 1231 1615 etiam
1262 1549 1354 1615 docti

177 1637 385 1724 dissentiant,
414 1659 552 1723 quorum
582 1639 751 1723 opiniones
781 1662 856 1704 cum
885 1644 954 1704 tam
981 1639 1089 1705 variae
1105 1639 1187 1708 sint
1216 1643 1353 1724 tumque
1371 1661 1392 1701 15

176 1726 263 1792 inter
286 1748 321 1792 se
344 1726 552 1812 dissidentes,
575 1727 715 1793 alterum
742 1728 815 1793 fieri
840 1727 990 1813 profecto
1018 1732 1141 1813 potest,
1172 1732 1211 1792 ut
1238 1749 1354 1792 earum

139 1816 283 1901 3nulla,
306 1816 446 1882 alterum
470 1820 558 1881 certe
579 1839 647 1882 non
669 1821 793 1902 potest,
820 1818 955 1902 utplus
985 1813 1051 1882 una'
1073 1839 1149 1882 vera
1179 1816 1231 1882 sit.
1280 1815 1354 1893 Qua

177 1990 252 2045 noch
260 1989 474 2059 sehlimmerist,
486 1990 533 2048 die
545 1991 736 2048 menschliche
790 1992 921 2048 disseruit
943 2009 976 2046 zu
999 1969 1167 2059 verbinden,
1193 1990 1275 2046 nicht
1299 1991 1355 2045 mit

178 2060 390 2118 Gemeinschett
407 2063 465 2117 und
486 2062 532 2118 die
554 2063 737 2134 Grundlagcn
790 2064 884 2119 multa.
900 2061 1250 2132 DisselbeWortstellung
1263 2063 1354 2116 nach-

178 2132 338 2203 derselben,
350 2133 397 2189 die
405 2133 495 2189 Treue
504 2135 562 2189 und
571 2133 736 2204 Gereehtig-
790 2134 842 2189 her
855 2139 926 2200 §232
945 2135 986 2190 ita
999 2135 1088 2190 multa
1101 2139 1167 2190 siuet
1179 2135 1354 2191 incommoda

178 2201 251 2272 licit,
280 2204 395 2259 werden
417 2205 547 2274 gunzlieh
569 2205 736 2261 vernichtet.
790 2206 822 2259 iu
840 2207 897 2262 oeta
910 2231 938 2252 -
951 2206 1039 2261 multe
1056 2211 1121 2261 suut
1134 2206 1307 2261 incommode
1320 2207 1355 2260 in

178 2273 247 2328 Was
262 2273 359 2331 Cicero
377 2276 412 2329 de
434 2275 478 2330 off.
494 2276 513 2345 I,
529 2283 563 2331 20
583 2276 614 2330 in
630 2276 737 2332 diesem
790 2277 910 2333 sttuite
937 2277 974 2330 ad
992 2277 1051 2331 Att.
1066 2277 1192 2347 V1‚2,s=
1211 2276 1352 2332 inclusum

179 2343 382 2425 Sinnevonder
393 2347 526 2414 fideeund
540 2349 736 2417 imtitiusagt:
790 2353 915 2404 cetimum
934 2349 1089 2404 monnone
1106 2347 1292 2404 Salaminium
1311 2349 1355 2402 ita

179 2415 501 2486 quu(1ustitia)sccietuo
513 2419 654 2475 Mutuum
665 2421 738 2476 iuter
790 2420 889 2475 multoe
906 2419 977 2487 dies,
998 2425 1031 2476 ut
1048 2420 1205 2475 interierint
1221 2419 1355 2474 nonnulli

179 2502 207 2541 se
229 2492 254 2542 et
276 2487 347 2543 citae
438 2489 652 2546 ieommunitae
674 2506 735 2547 ecu-
789 2490 870 2558 some.
898 2490 964 2544 Man
978 2492 1110 2546 erwartct
1127 2491 1226 2546 multos
1239 2490 1298 2546 dies
1311 2491 1355 2544 ite

179 2559 296 2626 timetur,
324 2575 370 2613 mu
419 2576 484 2613 man
516 2560 669 2632 allcrdings
700 2579 737 2616 an
792 2562 844 2616 etc.
857 2561 1237 2632 Verr.II,8=me9istrutuum
1246 2567 1355 2617 nostro·

180 2645 295 2684 unserer
315 2628 403 2685 Stelle
420 2631 501 2686 mehr
519 2634 638 2688 enaten.
791 2648 855 2688 rum
865 2633 989 2688 iniurius
1001 2634 1043 2688 ita
1057 2634 1203 2689 multorum
1217 2633 1353 2700 tuterunt,

217 2706 310 2756 Lutto
323 2703 547 2758 excedentissima
556 2705 651 2761 virtus.
671 2704 735 2775 Vgl.
790 2709 823 2760 ut
844 2719 988 2773 uunquam
1009 2704 1048 2760 ed
1075 2720 1155 2759 oram
1177 2705 1265 2775 iepum
1288 2720 1354 2759 cou-

180 2772 215 2827 de
231 2771 276 2828 off.
286 2771 333 2842 111,
345 2779 393 2828 28:
411 2775 478 2831 tues
491 2775 563 2830 enim
576 2793 636 2831 une
648 2778 738 2832 virtue
790 2775 922 2845 superent.
939 2775 1005 2829 Tac.
1020 2774 1198 2843 Germ.1t‚o=
1218 2775 1355 2844 quadum

179 2845 301 2900 omnium
320 2851 358 2900 est
381 2845 494 2902 dominu
516 2853 541 2902 et
563 2849 660 2918 repieta
681 2849 736 2904 oir-
791 2846 851 2902 ioco
873 2846 1034 2916 dilipentius
1064 2848 1180 2902 illinunt
1211 2853 1285 2901 terre
1312 2847 1357 2901 its

179 2920 277 2971 tutum,
788 2933 865 2988 pura
882 2933 917 2973 ue
930 2919 1098 2987 splendente,
1116 2918 1300 2986 mpimtuam
1320 2933 1355 2972 oe

216 2991 240 3040 2.
268 2987 321 3042 otii
342 2987 512 3058 ptdosopti,
540 2988 586 3044 die
615 2987 737 3044 Stoiker.
792 2989 955 3044 lineamenta
987 2989 1107 3045 coicum
1138 2989 1274 3055 imitetur,
1308 3005 1356 3042 wo

180 3055 278 3112 Cicero
297 3061 385 3112 neunt
403 3056 443 3113 sie
457 3059 614 3116 aobtusim
628 3060 737 3130 Gegen·
792 3058 838 3114 die
864 3059 1060 3129 Herausgeber
1088 3061 1129 3115 ite
1155 3059 1228 3114 ohne
1254 3059 1356 3113 Grund

181 3130 240 3183 sata
252 3146 286 3183 zu
296 3128 384 3182 denE
406 3128 549 3196 ikurecm‚
569 3131 625 3185 den
634 3133 738 3202 plebeis
792 3130 945 3186 umstellcn
962 3130 1086 3186 wolltcn.

176 3200 374 3270 philosophe(
401 3217 457 3256 uso.
473 3201 494 3271 1,
505 3203 559 3270 55).
830 3207 870 3257 11.
895 3202 1000 3258 indocti
1025 3233 1059 3242 -
1084 3203 1171 3270 docti,
1198 3200 1280 3256 dafiir
1303 3206 1357 3255 44:

219 3277 243 3327 7.
285 3276 336 3326 tem
408 3289 435 3326 m
479 3275 636 3341 wrictates,
689 3274 739 3328 der
793 3273 916 3330 indoctos
935 3303 967 3314 -
982 3273 1165 3344 pheiosoptos.

180 3341 315 3397 Wechsel
345 3341 589 3413 erJahreszeiten,
605 3344 739 3399 wthrend
831 3349 871 3399 16.
884 3344 1007 3415 profecto
1021 3343 1060 3400 ist
1073 3361 1209 3414 synonym
1223 3344 1276 3398 mit
1288 3344 1356 3398 dem

181 3413 271 3467 durch
298 3414 367 3469 caeli
398 3415 561 3470 mutuuoneo
593 3414 638 3468 die
672 3415 739 3470 Ver·
792 3413 946 3485 folgenden
974 3421 1054 3484 cette,
1083 3431 1114 3470 so
1139 3415 1257 3486 jedoch,
1293 3414 1354 3468 dass

180 3484 363 3554 indenungen
377 3501 422 3539 am
436 3485 739 3542 Himmelbezeichnet
788 3489 911 3558 profecto
948 3488 1003 3542 den
1035 3487 1245 3554 schwacheren,
1284 3493 1356 3542 certe

180 3556 302 3626 werden,
317 3556 424 3611 welche
434 3556 523 3611 durch
538 3556 583 3611 die
593 3556 739 3627 ttglichen
794 3559 849 3612 den
883 3557 1028 3613 sttrkeren
1061 3557 1138 3611 (trad
1173 3556 1355 3628 tubjektivcr

181 3626 380 3698 Bewegungcn
407 3627 457 3682 der
484 3627 614 3683 Gestirne
643 3645 739 3684 verur-
794 3625 1270 3684 Gewissheitbezeichnetz‘sicher'
1319 3659 1355 3670 -

181 3698 263 3753 sucht
282 3699 401 3755 werden.
794 3697 996 3755 entsehiedcn’.
1038 3699 1119 3757 Tusc.
1143 3700 1163 3770 1,
1203 3716 1279 3758 :res
1305 3701 1355 3756 dc·

218 3777 241 3825 8.
257 3777 397 3826 maturato
408 3772 569 3839 pubescant,
589 3771 739 3842 einhyste-
793 3763 990 3828 menfica
1008 3772 1162 3841 profecto
1187 3773 1284 3826 meiius
1309 3777 1355 3827 tu·

181 3856 233 3895 ron
242 3843 383 3910 proteron,
394 3841 475 3896 dafiir
486 3840 523 3910 II,
534 3845 741 3913 50:1›utescont
794 3859 883 3912 emur,
914 3858 971 3899 rem
1003 3859 1064 3899 uero
1091 3844 1234 3913 pubiicum
1264 3845 1357 3899 nostri

182 3913 419 3982 maturitatemque
437 3913 633 3984 adsequuntur.
794 3915 910 3970 maiores
933 3920 1020 3970 certe
1043 3914 1201 3970 melioribus
1223 3919 1356 3984 tempera-

220 3989 262 4038 10.
280 3985 311 4038 tu
329 3985 372 4039 tie
389 3984 482 4039 liora:
496 3984 649 4056 11,154flg.
793 3992 891 4041 oerum
910 3986 1021 4056 lepidus.

220 4060 261 4108 11.
279 4055 412 4121 sabuceti
420 4071 517 4126 paene,
532 4055 578 4112 die
591 4056 740 4128 Metapher
832 4063 872 4112 17.
898 4055 959 4138 Qua
981 4057 1089 4126 quidem
1111 4057 1143 4112 tu
1165 4071 1258 4112 causa.
1300 4055 1357 4111 Die

182 4123 221 4182 ist
238 4141 406 4195 genommen
424 4141 480 4180 von
499 4127 564 4181 dem
586 4127 741 4183 bildenden
793 4125 974 4197 Prtposrtion
1005 4129 1037 4183 iu
1068 4144 1092 4184 c.
1117 4127 1212 4183 Atlas.
1239 4127 1358 4183 vertritt

182 4196 328 4263 Kiinstle13
352 4196 410 4267 vgl.
429 4203 475 4253 20:
499 4199 632 4255 mundum
654 4216 741 4256 mauu
793 4196 894 4282 nicht,
919 4198 1011 4280 selten
1054 4197 1100 4253 die
1145 4197 1246 4281 Stelle
1275 4197 1358 4253 eines

176 4285 266 4395 susp
280 4270 448 4408 titia,
468 4358 489 4396 0.
505 4339 577 4399 mi
592 4347 661 4424 §u-
718 4410 725 4422 .
794 4269 999 4410 itttittt,
1013 4269 1358 4411 tistitttttit

217 4413 258 4468 ita
282 4412 370 4468 muita
394 4413 530 4468 dtinuit.
561 4414 609 4468 Ita
627 4414 666 4467 ist
687 4413 741 4468 mut
795 4427 907 4468 coucam
925 4418 1080 4468 trudentes.
